@article{ULLMAN1975384,
	title = "NP-complete scheduling problems",
	journal = "Journal of Computer and System Sciences",
	volume = "10",
	number = "3",
	pages = "384 - 393",
	year = "1975",
	issn = "0022-0000",
	doi = "https://doi.org/10.1016/S0022-0000(75)80008-0",
	url = "http://www.sciencedirect.com/science/article/pii/S0022000075800080",
	author = "J.D. Ullman"
}

@article{iCBS-SLA,
	author    = {Yun Chi and
	Hyun Jin Moon and
	Hakan Hacig{\"{u}}m{\"{u}}s},
	title     = {iCBS: Incremental Costbased Scheduling under Piecewise Linear SLAs},
	journal   = {{PVLDB}},
	year      = {2011},
	timestamp = {Mon, 04 Jul 2011 09:31:59 +0200},
	biburl    = {http://dblp.uni-trier.de/rec/bib/journals/pvldb/ChiMH11},
	bibsource = {dblp computer science bibliography, http://dblp.org}
}

@article{numa-data-task-placement,
author    = {Iraklis Psaroudakis and
Tobias Scheuer and
Norman May and
Abdelkader Sellami and
Anastasia Ailamaki},
title     = {Scaling Up Concurrent Main-Memory Column-Store Scans: Towards Adaptive
NUMA-aware Data and Task Placement},
journal   = {{PVLDB}},
year      = {2015},
url       = {http://www.vldb.org/pvldb/vol8/p1442-psaroudakis.pdf},
timestamp = {Fri, 14 Aug 2015 15:24:11 +0200},
biburl    = {http://dblp2.uni-trier.de/rec/bib/journals/pvldb/PsaroudakisSMSA15},
bibsource = {dblp computer science bibliography, http://dblp.org}
}

@article{dist-based-scheduling,
	author    = {Yun Chi and
	Hakan Hacig{\"{u}}m{\"{u}}s and
	Wang{-}Pin Hsiung and
	Jeffrey F. Naughton},
	title     = {Distribution-Based Query Scheduling},
	journal   = {{PVLDB}},
	year      = {2013},
	timestamp = {Wed, 04 Sep 2013 08:33:42 +0200},
	biburl    = {http://dblp.uni-trier.de/rec/bib/journals/pvldb/ChiHHN13},
	bibsource = {dblp computer science bibliography, http://dblp.org}
}

@inproceedings{rFEED,
	author    = {Abhay Mehta and
	Chetan Gupta and
	Song Wang and
	Umeshwar Dayal},
	title     = {rFEED: {A} Mixed Workload Scheduler for Enterprise Data Warehouses},
	booktitle = {ICDE}, 
	year      = {2009},
	doi       = {10.1109/ICDE.2009.66},
	timestamp = {Mon, 25 Apr 2016 16:57:48 +0200},
	biburl    = {http://dblp.uni-trier.de/rec/bib/conf/icde/MehtaGWD09},
	bibsource = {dblp computer science bibliography, http://dblp.org}
}

@inproceedings{energy-efficient-schedule,
	author    = {Iraklis Psaroudakis and
	Thomas Kissinger and
	Danica Porobic and
	Thomas Ilsche and
	Erietta Liarou and
	Pinar T{\"{o}}z{\"{u}}n and
	Anastasia Ailamaki and
	Wolfgang Lehner},
	title     = {Dynamic fine-grained scheduling for energy-efficient main-memory queries},
	booktitle = {DaMoN},
	year      = {2014},
	doi       = {10.1145/2619228.2619229},
	timestamp = {Wed, 29 Apr 2015 17:56:41 +0200},
	biburl    = {http://dblp.uni-trier.de/rec/bib/conf/damon/PsaroudakisKPILTAL14},
	bibsource = {dblp computer science bibliography, http://dblp.org}
}

@inproceedings{morsel,
author    = {Viktor Leis and
Peter A. Boncz and
Alfons Kemper and
Thomas Neumann},
title     = {Morsel-driven parallelism: a {NUMA}-aware query evaluation framework
for the many-core age},
booktitle = {SIGMOD},
year      = {2014},
doi       = {10.1145/2588555.2610507},
timestamp = {Mon, 23 May 2016 12:16:24 +0200},
biburl    = {http://dblp2.uni-trier.de/rec/bib/conf/sigmod/LeisBK014},
bibsource = {dblp computer science bibliography, http://dblp.org}
}

@misc{ssb,                                                                      
  title  = {The Star Schema Benchmark},                                         
  author = {Patrick O'Neil and                                                  
            Elizabeth O'Neil and                                                
            Xuedong Chen},                                                      
  howpublished = {\url{http://www.cs.umb.edu/~poneil/StarSchemaB.pdf}},         
  month = {Jan},                                                                
  year = {2007}                                                                 
}

@inproceedings{DBLP:conf/wosp/RablPJOO13,
  author    = {Tilmann Rabl and
               Meikel Poess and
               Hans{-}Arno Jacobsen and
               Patrick E. O'Neil and
               Elizabeth J. O'Neil},
  title     = {Variations of the star schema benchmark to test the effects of data
               skew on query performance},
  booktitle = {{ICPE}},
  pages     = {361--372},
  publisher = {{ACM}},
  year      = {2013}
}

@book{Kimball,                                                                  
	author = {Kimball, Ralph and Ross, Margy},                                     
	title = {The  Data Warehouse Toolkit: The Complete Guide to Dimensional Modeling},
	year = {2002},                                                                 
	isbn = {0471200247, 9780471200246},                                            
	edition = {2nd},                                                               
}

@article{qsstorage,
	author    = {Craig Chasseur and
	Jignesh M. Patel},
	title     = {Design and Evaluation of Storage Organizations for Read-Optimized
	Main Memory Databases},
	journal   = {{PVLDB}},
	year      = {2013},
	timestamp = {Mon, 14 Oct 2013 15:18:58 +0200},
	biburl    = {http://dblp.uni-trier.de/rec/bib/journals/pvldb/ChasseurP13},
	bibsource = {dblp computer science bibliography, http://dblp.org}
}

@article{quickstep-vldb,
	author    = {Jignesh M. Patel and
	Harshad Deshmukh and
	Jianqiao Zhu and
	Navneet Potti and
	Zuyu Zhang and
	Marc Spehlmann and
	Hakan Memisoglu and
	Saket Saurabh},
	title     = {Quickstep: {A} Data Platform Based on the Scaling-Up Approach},
	journal   = {{PVLDB}},
	volume    = {11},
	number    = {6},
	pages     = {663--676},
	year      = {2018}
}

@inproceedings{bitweaving,
	author    = {Yinan Li and
	Jignesh M. Patel},
	title     = {BitWeaving: fast scans for main memory data processing},
	booktitle = {SIGMOD},
	year      = {2013},
	doi       = {10.1145/2463676.2465322},
	timestamp = {Wed, 26 Jun 2013 09:37:17 +0200},
	biburl    = {http://dblp.uni-trier.de/rec/bib/conf/sigmod/LiP13},
	bibsource = {dblp computer science bibliography, http://dblp.org}
}

@inproceedings{csb+-tree,
	author    = {Jun Rao and
	Kenneth A. Ross},
	title     = {Making {B}\({}^{\mbox{+}}\)-Trees Cache Conscious in Main Memory},
	booktitle = {SIGMOD},
	year      = {2000},
	doi       = {10.1145/342009.335449},
	timestamp = {Mon, 15 Jun 2015 19:00:08 +0200},
	biburl    = {http://dblp.uni-trier.de/rec/bib/conf/sigmod/RaoR00},
	bibsource = {dblp computer science bibliography, http://dblp.org}
}

@inproceedings{lruk,
	author    = {Elizabeth J. O'Neil and
	Patrick E. O'Neil and
	Gerhard Weikum},
	title     = {The {LRU-K} Page Replacement Algorithm For Database Disk Buffering},
	booktitle = {SIGMOD},
	year      = {1993},
	doi       = {10.1145/170035.170081},
	timestamp = {Mon, 09 Dec 2013 17:20:14 +0100},
	biburl    = {http://dblp.uni-trier.de/rec/bib/conf/sigmod/ONeilOW93},
	bibsource = {dblp computer science bibliography, http://dblp.org}
}

@inproceedings{duggan2011performance,
	author    = {Jennie Duggan and
	Ugur {\c{C}}etintemel and
	Olga Papaemmanouil and
	Eli Upfal},
	title     = {Performance prediction for concurrent database workloads},
	booktitle = {SIGMOD},
	year      = {2011},
	doi       = {10.1145/1989323.1989359},
	timestamp = {Thu, 16 Jun 2011 17:14:38 +0200},
	biburl    = {http://dblp.uni-trier.de/rec/bib/conf/sigmod/DugganCPU11},
	bibsource = {dblp computer science bibliography, http://dblp.org}
}

@inproceedings{chaudhuri2004estimating,
	author    = {Surajit Chaudhuri and
	Vivek R. Narasayya and
	Ravishankar Ramamurthy},
	title     = {Estimating Progress of Long Running {SQL} Queries},
	booktitle = {SIGMOD},
	year      = {2004},
	doi       = {10.1145/1007568.1007659},
	timestamp = {Fri, 31 Mar 2006 09:13:42 +0200},
	biburl    = {http://dblp.uni-trier.de/rec/bib/conf/sigmod/ChaudhuriNR04},
	bibsource = {dblp computer science bibliography, http://dblp.org}
}

@article{wu2013towards,
	author    = {Wentao Wu and
	Yun Chi and
	Hakan Hacig{\"{u}}m{\"{u}}s and
	Jeffrey F. Naughton},
	title     = {Towards Predicting Query Execution Time for Concurrent and Dynamic
	Database Workloads},
	journal   = {{PVLDB}},
	year      = {2013},
	timestamp = {Mon, 14 Oct 2013 15:18:58 +0200},
	biburl    = {http://dblp.uni-trier.de/rec/bib/journals/pvldb/WuCHN13},
	bibsource = {dblp computer science bibliography, http://dblp.org}
}

@inproceedings{li2012gslpi,
	author    = {Jiexing Li and
	Rimma V. Nehme and
	Jeffrey F. Naughton},
	title     = {{GSLPI:} {A} Cost-Based Query Progress Indicator},
	booktitle = {ICDE},
	year      = {2012},
	doi       = {10.1109/ICDE.2012.74},
	timestamp = {Mon, 25 Apr 2016 16:57:48 +0200},
	biburl    = {http://dblp.uni-trier.de/rec/bib/conf/icde/LiNN12},
	bibsource = {dblp computer science bibliography, http://dblp.org}
}

@inproceedings{gupta2009fair,
  author    = {Chetan Gupta and
               Abhay Mehta and
               Song Wang and
               Umeshwar Dayal},
  title     = {Fair, effective, efficient and differentiated scheduling in an enterprise
               data warehouse},
  booktitle = {EDBT},
  year      = {2009},
  doi       = {10.1145/1516360.1516441},
  timestamp = {Mon, 06 Jul 2009 10:20:35 +0200},
  biburl    = {http://dblp.uni-trier.de/rec/bib/conf/edbt/GuptaMWD09},
  bibsource = {dblp computer science bibliography, http://dblp.org}
}

@inproceedings{krompass2007dynamic,
  author    = {Stefan Krompass and
               Umeshwar Dayal and
               Harumi A. Kuno and
               Alfons Kemper},
  title     = {Dynamic Workload Management for Very Large Data Warehouses: Juggling
               Feathers and Bowling Balls},
  booktitle = {VLDB},
  year      = {2007},
  timestamp = {Thu, 03 Mar 2016 17:54:19 +0100},
  biburl    = {http://dblp.uni-trier.de/rec/bib/conf/vldb/KrompassDKK07},
  bibsource = {dblp computer science bibliography, http://dblp.org}
}

@inproceedings{krompass2006quality,
  author    = {Stefan Krompass and
               Daniel Gmach and
               Andreas Scholz and
               Stefan Seltzsam and
               Alfons Kemper},
  title     = {Quality of Service Enabled Database Applications},
  booktitle = {ICSOC},
  year      = {2006},
  doi       = {10.1007/11948148_18},
  timestamp = {Fri, 07 Mar 2008 08:58:52 +0100},
  biburl    = {http://dblp.uni-trier.de/rec/bib/conf/icsoc/KrompassGSSK06},
  bibsource = {dblp computer science bibliography, http://dblp.org}
}

@inproceedings{mehta1993dynamic,
	author    = {Manish Mehta and
	David J. DeWitt},
	title     = {Dynamic Memory Allocation for Multiple-Query Workloads},
	booktitle = {VLDB},
	year      = {1993},
	timestamp = {Mon, 17 Sep 2012 21:36:57 +0200},
	biburl    = {http://dblp.uni-trier.de/rec/bib/conf/vldb/MehtaD93},
	bibsource = {dblp computer science bibliography, http://dblp.org}
}

@inproceedings{davison1995dynamic,
	author    = {Diane L. Davison and
	Goetz Graefe},
	title     = {Dynamic Resource Brokering for Multi-User Query Execution},
	booktitle = {SIGMOD},
	year      = {1995},
	doi       = {10.1145/223784.223845},
	timestamp = {Mon, 09 Dec 2013 17:20:14 +0100},
	biburl    = {http://dblp.uni-trier.de/rec/bib/conf/sigmod/DavisonG95},
	bibsource = {dblp computer science bibliography, http://dblp.org}
}

@inproceedings{DBLP:conf/cikm/NagD98,
	author    = {Biswadeep Nag and
	David J. DeWitt},
	title     = {Memory Allocation Strategies for Complex Decision Support Queries},
	booktitle = {{CIKM}},
	pages     = {116--123},
	publisher = {{ACM}},
	year      = {1998}
}

@article{wu2014uncertainty,
	author    = {Wentao Wu and
	Xi Wu and
	Hakan Hacig{\"{u}}m{\"{u}}s and
	Jeffrey F. Naughton},
	title     = {Uncertainty Aware Query Execution Time Prediction},
	journal   = {{PVLDB}},
	year      = {2014},
	timestamp = {Sat, 16 May 2015 11:39:04 +0200},
	biburl    = {http://dblp.uni-trier.de/rec/bib/journals/pvldb/WuWHN14},
	bibsource = {dblp computer science bibliography, http://dblp.org}
}

@phdthesis{meehean2011towards,
	title={Towards transparent cpu scheduling},
	author={Meehean, Joseph T},
	year={2011},
	school={University Of Wisconsin--Madison}
}

@article{kay1988fair,
	author    = {Judy Kay and
	Piers Lauder},
	title     = {A Fair Share Scheduler},
	journal   = {Commun. {ACM}},
	year      = {1988},
	doi       = {10.1145/35043.35047},
	timestamp = {Tue, 07 Jun 2011 16:51:53 +0200},
	biburl    = {http://dblp.uni-trier.de/rec/bib/journals/cacm/KayL88},
	bibsource = {dblp computer science bibliography, http://dblp.org}
}

@article{pabla2009completely,
	title={Completely fair scheduler},
	author={Pabla, Chandandeep Singh},
	journal={Linux Journal},
	number={184},
	year={2009},
	publisher={Belltown Media}
}

@inproceedings{peter2010design,
	author = {Peter, Simon and Sch\"{u}pbach, Adrian and Barham, Paul and Baumann, Andrew and Isaacs, Rebecca and Harris, Tim and Roscoe, Timothy},
	title = {Design Principles for End-to-end Multicore Schedulers},
	series = {HotPar'10},
} 

@inproceedings{giceva2013cod,
	author    = {Jana Giceva and
	Tudor{-}Ioan Salomie and
	Adrian Sch{\"{u}}pbach and
	Gustavo Alonso and
	Timothy Roscoe},
	title     = {{COD:} Database/Operating System Co-Design},
	booktitle = {CIDR},
	year      = {2013},
	timestamp = {Wed, 15 May 2013 20:47:29 +0200},
	biburl    = {http://dblp.uni-trier.de/rec/bib/conf/cidr/GicevaSSAR13},
	bibsource = {dblp computer science bibliography, http://dblp.org}
}

@article{LampsonS76,
	author    = {Butler W. Lampson and
	Howard E. Sturgis},
	title     = {Reflections on an Operating System Design},
	journal   = { {CACM}},
	year      = {1976},
	doi       = {10.1145/360051.360074},
	timestamp = {Tue, 07 Jun 2011 16:51:03 +0200},
	biburl    = {http://dblp.uni-trier.de/rec/bib/journals/cacm/LampsonS76},
	bibsource = {dblp computer science bibliography, http://dblp.org}
}

@inproceedings{isard2009quincy,
	author    = {Michael Isard and
	Vijayan Prabhakaran and
	Jon Currey and
	Udi Wieder and
	Kunal Talwar and
	Andrew V. Goldberg},
	title     = {Quincy: fair scheduling for distributed computing clusters},
	booktitle = {SOSP},
	year      = {2009},
	doi       = {10.1145/1629575.1629601},
	timestamp = {Tue, 23 Feb 2016 09:25:02 +0100},
	biburl    = {http://dblp.uni-trier.de/rec/bib/conf/sosp/IsardPCWTG09},
	bibsource = {dblp computer science bibliography, http://dblp.org}
}

@inproceedings{grandl2014multi,
	author    = {Robert Grandl and
	Ganesh Ananthanarayanan and
	Srikanth Kandula and
	Sriram Rao and
	Aditya Akella},
	title     = {Multi-resource packing for cluster schedulers},
	booktitle = {SIGCOMM},
	year      = {2014},
	doi       = {10.1145/2619239.2626334},
	timestamp = {Wed, 13 Aug 2014 13:02:23 +0200},
	biburl    = {http://dblp.uni-trier.de/rec/bib/conf/sigcomm/GrandlAKRA14},
	bibsource = {dblp computer science bibliography, http://dblp.org}
}

@article{NarasayyaMSLSC15,
	author    = {Vivek R. Narasayya and
	Ishai Menache and
	Mohit Singh and
	Feng Li and
	Manoj Syamala and
	Surajit Chaudhuri},
	title     = {Sharing Buffer Pool Memory in Multi-Tenant Relational Database-as-a-Service},
	journal   = {{PVLDB}},
	year      = {2015},
	timestamp = {Tue, 10 Mar 2015 11:10:34 +0100},
	biburl    = {http://dblp.uni-trier.de/rec/bib/journals/pvldb/NarasayyaMSLSC15},
	bibsource = {dblp computer science bibliography, http://dblp.org}
}

@inproceedings{NarasayyaDSCC13,
	author    = {Vivek R. Narasayya and
	Sudipto Das and
	Manoj Syamala and
	Badrish Chandramouli and
	Surajit Chaudhuri},
	title     = {{SQLVM:} Performance Isolation in Multi-Tenant Relational Database-as-a-Service},
	booktitle = {CIDR},
	year      = {2013},
	timestamp = {Wed, 15 May 2013 20:47:29 +0200},
	biburl    = {http://dblp.uni-trier.de/rec/bib/conf/cidr/NarasayyaDSCC13},
	bibsource = {dblp computer science bibliography, http://dblp.org}
}

@article{rof,
	author    = {Prashanth Menon and
	Andrew Pavlo and
	Todd C. Mowry},
	title     = {Relaxed Operator Fusion for In-Memory Databases: Making Compilation,
	Vectorization, and Prefetching Work Together At Last},
	journal   = {{PVLDB}},
	volume    = {11},
	number    = {1},
	pages     = {1--13},
	year      = {2017}
}

@misc{pelotondb,
	title={Peloton - The Self Driving Database Management System},
	howpublished={\url{htts://pelotondb.io}},
	note={(Accessed on 07/05/2018}
}

@inproceedings{lottery-scheduling,
	author    = {Carl A. Waldspurger and
	William E. Weihl},
	title     = {Lottery Scheduling: Flexible Proportional-Share Resource Management},
	booktitle = {OSDI},
	year      = {1994},
	timestamp = {Thu, 15 May 2014 18:36:23 +0200},
	biburl    = {http://dblp.uni-trier.de/rec/bib/conf/osdi/WaldspurgerW94},
	bibsource = {dblp computer science bibliography, http://dblp.org}
}

@article{shreedhar1996efficient,
	author    = {M. Shreedhar and
	George Varghese},
	title     = {Efficient fair queueing using deficit round-robin},
	journal   = {{IEEE/ACM} Trans. Netw.},
	year      = {1996},
	doi       = {10.1109/90.502236},
	timestamp = {Thu, 03 Nov 2011 17:03:49 +0100},
	biburl    = {http://dblp.uni-trier.de/rec/bib/journals/ton/ShreedharV96},
	bibsource = {dblp computer science bibliography, http://dblp.org}
}

@inproceedings{wang2016elastic,
	author    = {Li Wang and
	Minqi Zhou and
	Zhenjie Zhang and
	Yin Yang and
	Aoying Zhou and
	Dina Bitton},
	title     = {Elastic Pipelining in an In-Memory Database Cluster},
	booktitle = {SIGMOD},
	year      = {2016},
	doi       = {10.1145/2882903.2882904},
	timestamp = {Sat, 18 Jun 2016 14:32:22 +0200},
	biburl    = {http://dblp.uni-trier.de/rec/bib/conf/sigmod/WangZZYZB16},
	bibsource = {dblp computer science bibliography, http://dblp.org}
}

@misc{DB2,
  title = {{{IBM} {DB2}} {W}orkload {M}anager},
  howpublished = 
  {\url{https://www-01.ibm.com/support/knowledgecenter/SSEPGG_10.1.0/com.ibm.db2.luw.admin.wlm.doc/com.ibm.db2.luw.admin.wlm.doc-gentopic1.html}},
}

@misc{res_gov,
  title = {{MS SQL SERVER} Resource Governor},
  howpublished = {\url{https://msdn.microsoft.com/en-us/library/bb933866.aspx}}
}

@misc{rm,
  title = {{Oracle} Resource Manager},
  howpublished = 
  {\url{https://docs.oracle.com/database/121/ADMIN/dbrm.htm#ADMIN027}}
}

@misc{teradatawm,
	title={Teradata Workload Management},
	howpublished = {\url{http://www.teradata.com/Teradata_Workload_Management}}
}

@misc{hpwm,
	title = {{HP} {G}lobal {W}orkload {M}anager},
	howpublished={\url{https://h20565.www2.hpe.com/hpsc/doc/public/display?sp4ts.oid=3725908&docId=emr_na-c04159995}}
}

@misc{gpdb,
      title={Greenplum Workload Management},
      howpublished = 
      {\url{http://gpdb.docs.pivotal.io/4370/admin_guide/workload_mgmt.html}}
}

@misc{Quickstep-website,
      title={Apache (incubating) Quickstep Data Processing Platform},
      howpublished = {\url{http://www.quickstep.io}}
}

@misc{spark-sql,
	title={Spark {SQL} \& {D}ataFrames | {A}pache {S}park},
	howpublished = 
	{\url{http://spark.apache.org/sql/}}
}

@misc{supplement,                                                                      
	title  = {Adaptive Concurrent Query Execution Framework for an Analytical In-Memory Database System - Supplement},                                         
	author = {Harshad Deshmukh and                                                  
	Hakan Memisoglu and                                                
	Jignesh M. Patel},                                                      
	howpublished = {\url{http://www.cs.wisc.edu/~harshad/includes/scheduler-supplement.pdf}},         
	month = {May},                                                                
	year = {2017}                                                                 
}

@article{original,	
	title  = {Adaptive Concurrent Query Execution Framework for an Analytical In-Memory Database System},
	author = {Harshad Deshmukh and
	Hakan Memisoglu and 
	Jignesh M. Patel},
	booktitle={IEEE BigData Congress (to appear)},
	year={2017}
}

@article{queues-are-databases,
title={Queues Are Databases},
  author={Gray, Jim},
  booktitle={In Proceedings 7th High Performance Transaction Processing Workshop. Asilomar CA},
  year={1995}
}

@article{tail-at-scale,
  title={The tail at scale},
  author={Dean, Jeffrey and Barroso, Luiz Andr{\'e}},
  journal={Communications of the ACM},
  volume={56},
  number={2},
  pages={74--80},
  year={2013},
  publisher={ACM}
}

@inproceedings{pregel,
 author = {Malewicz, Grzegorz and Austern, Matthew H. and Bik, Aart J.C and Dehnert, James C. and Horn, Ilan and Leiser, Naty and Czajkowski, Grzegorz},
 title = {Pregel: A System for Large-scale Graph Processing},
  booktitle = {SIGMOD},
 year = {2010},
 isbn = {978-1-4503-0032-2},
 location = {Indianapolis, Indiana, USA},
 pages = {135--146},
 numpages = {12},
}

@misc{json,
  author="D. Crockford",
  title="{The application/json Media Type for JavaScript Object Notation (JSON)}",
  series="Request for Comments",
  number="4627",
  howpublished="RFC 4627 (Informational)",
  publisher="IETF",
  organization="Internet Engineering Task Force",
  year=2006,
  month=jul,
    url="http://www.ietf.org/rfc/rfc4627.txt",
}

@TechReport{xml,
  author      = "Tim Bray and Eve Maler and Jean Paoli and Fran\c{c}ois Yergeau and Michael Sperberg-McQueen",
  title       = "Extensible Markup Language ({XML}) 1.0 (Fifth Edition)",
  month       = nov,
  note        = "http://www.w3.org/TR/2008/REC-xml-20081126/",
  year        = "2008",
  bibsource   = "http://w2.syronex.com/jmr/w3c-biblio",
  type        = "{W3C} Recommendation",
  institution = "W3C",
}

@misc{protobuf,
author = "{Google Inc.}",
title = "{Protocol Buffers}",
year = {2014},
howpublished = "\url{https://code.google.com/p/protobuf/}"
}

@misc{thrift,
author = "{Apache Software Foundation}",
title = "{Apache Thrift}",
year = {2014},
howpublished = "\url{https://thrift.apache.org/}"
}

@MISC{sqlite,
author = "{SQLite Consortium}",
title = "{SQLite}",
year = {2014},
howpublished = "\url{https://sqlite.org/}"
}

@MISC{leveldb,
author = "{Google Inc.}",
title = "{LevelDB}",
year = {2014},
howpublished = "\url{https://code.google.com/p/leveldb/}"
}

@MISC{zookeeper,
author = "{Apache Software Foundation}",
title = "{Apache Zookeeper}",
year = {2014},
howpublished = "\url{https://zookeeper.apache.org/}"
}

@MISC{voltdb,
author = "{VoltDB Inc.}",
title = "{VoltDB}",
year = {2014},
howpublished = "\url{http://voltdb.com/}"
}

@MISC{gce,
author = "{Google Inc.}",
title = "{Google Compute Engine}",
year = {2014},
howpublished = "\url{https://cloud.google.com/products/compute-engine/}"
}

@article{hstore,
 author = {Kallman, Robert and Kimura, Hideaki and Natkins, Jonathan and Pavlo, Andrew and Rasin, Alexander and Zdonik, Stanley and Jones, Evan P. C. and Madden, Samuel and Stonebraker, Michael and Zhang, Yang and Hugg, John and Abadi, Daniel J.},
 title = {H-store: A High-performance, Distributed Main Memory Transaction Processing System},
 journal = {Proc. VLDB Endow.},
 issue_date = {August 2008},
 volume = {1},
 number = {2},
 month = aug,
 year = {2008},
 issn = {2150-8097},
 pages = {1496--1499},
 numpages = {4},
 url = {http://dx.doi.org/10.14778/1454159.1454211},
 doi = {10.14778/1454159.1454211},
 acmid = {1454211},
 publisher = {VLDB Endowment},
}

@article{RCU,
 author = {McKenney, Paul E. and Walpole, Jonathan},
 title = {Introducing Technology into the Linux Kernel: A Case Study},
 journal = {SIGOPS Oper. Syst. Rev.},
 issue_date = {July 2008},
 volume = {42},
 number = {5},
 month = jul,
 year = {2008},
 issn = {0163-5980},
 pages = {4--17},
 numpages = {14},
 url = {http://doi.acm.org/10.1145/1400097.1400099},
 doi = {10.1145/1400097.1400099},
 acmid = {1400099},
 publisher = {ACM},
 address = {New York, NY, USA},
}

@inproceedings{rpc,
 author = {Birrell, Andrew D. and Nelson, Bruce Jay},
 title = {Implementing Remote Procedure Calls},
 booktitle = {Proceedings of the Ninth ACM Symposium on Operating Systems Principles},
 series = {SOSP '83},
 year = {1983},
 isbn = {0-89791-115-6},
 location = {Bretton Woods, New Hampshire, USA},
 pages = {3--},
 url = {http://doi.acm.org/10.1145/800217.806609},
 doi = {10.1145/800217.806609},
 acmid = {806609},
 publisher = {ACM},
 address = {New York, NY, USA},
}

@article{mpi,
 author = {Gropp, William and Lusk, Ewing and Doss, Nathan and Skjellum, Anthony},
 title = {A High-performance, Portable Implementation of the MPI Message Passing Interface Standard},
 journal = {Parallel Comput.},
 issue_date = {Sept. 1996},
 volume = {22},
 number = {6},
 month = sep,
 year = {1996},
 issn = {0167-8191},
 pages = {789--828},
 numpages = {40},
 url = {http://dx.doi.org/10.1016/0167-8191(96)00024-5},
 doi = {10.1016/0167-8191(96)00024-5},
 acmid = {244368},
 publisher = {Elsevier Science Publishers B. V.},
 address = {Amsterdam, The Netherlands, The Netherlands},
 keywords = {MPI-2, benchmark, message passing interface, parallel programming environment, performance, portability},
}

@ARTICLE{corba,
author={Vinoski, S.},
journal={Communications Magazine, IEEE},
title={CORBA: integrating diverse applications within distributed heterogeneous environments},
year={1997},
month={Feb},
volume={35},
number={2},
pages={46-55},
keywords={Internet;business communication;computer network management;distributed processing;maintenance engineering;object-oriented methods;protocols;telecommunication computing;telecommunication standards;CORBA standard;Common Object Request Broker Architecture specification;Internet;Object Management Architecture;Object Management Group;computer networks;corporate intranets;distributed heterogeneous environments;distributed object-oriented systems;finance;legacy systems;mainframes;maintenance;manufacturing;measurement equipment;medicine;networking protocols;object activation;object request brokers;system costs;telecommunications;test equipment;Application software;Communication standards;Computer networks;Costs;Finance;IP networks;Manufacturing;Medical tests;Object oriented modeling;Transport protocols},
doi={10.1109/35.565655},
ISSN={0163-6804},}

@article{corba-rise-and-fall,
 author = {Henning, Michi},
 title = {The Rise and Fall of CORBA},
 journal = {Queue},
 issue_date = {June 2006},
 volume = {4},
 number = {5},
 month = jun,
 year = {2006},
 issn = {1542-7730},
 pages = {28--34},
 numpages = {7},
 url = {http://doi.acm.org/10.1145/1142031.1142044},
 doi = {10.1145/1142031.1142044},
 acmid = {1142044},
 publisher = {ACM},
 address = {New York, NY, USA},
}

@article{reliable-corba,
author = {Srinivasan Ramani and Kishor S. Trivedi and Balakrishnan Dasarathy},
title = {Reliable Messaging Using the CORBA Notification Service},
journal ={Distributed Objects and Applications, International Symposium on},
volume = {0},
isbn = {0-7695-1300-X},
year = {2001},
pages = {0229},
doi = {http://doi.ieeecomputersociety.org/10.1109/DOA.2001.954088},
publisher = {IEEE Computer Society},
address = {Los Alamitos, CA, USA},
}


@inproceedings{recoverable-requests-using-queues,
 author = {Bernstein, Philip A. and Hsu, Meichun and Mann, Bruce},
 title = {Implementing Recoverable Requests Using Queues},
 booktitle = {SIGMOD},
 series = {SIGMOD '90},
 year = {1990},
 isbn = {0-89791-365-5},
 location = {Atlantic City, New Jersey, USA},
 pages = {112--122},
 numpages = {11},
 url = {http://doi.acm.org/10.1145/93597.98721},
 doi = {10.1145/93597.98721},
 acmid = {98721},
 publisher = {ACM},
 address = {New York, NY, USA},
}

@inproceedings{soda,
 author = {Campbell, David},
 title = {Service Oriented Database Architecture: APP Server-lite?},
 booktitle = {SIGMOD},
 series = {SIGMOD '05},
 year = {2005},
 isbn = {1-59593-060-4},
 location = {Baltimore, Maryland},
 pages = {857--862},
 numpages = {6},
 url = {http://doi.acm.org/10.1145/1066157.1066267},
 doi = {10.1145/1066157.1066267},
 acmid = {1066267},
 publisher = {ACM},
 address = {New York, NY, USA},
}

@article{motherlode,
  title={Message-oriented middleware},
  author={Curry, Edward},
  journal={Middleware for communications},
  pages={1--28},
  year={2004},
  publisher={John Wiley \& Sons}
}

@MISC{websphere-mq,
author = "{IBM Corporation}",
title = "{WebSphere MQ}",
year = {2014},
howpublished = "\url{http://www-03.ibm.com/software/products/en/websphere-mq}"
}

@MISC{activemq,
author = "{Apache Software Foundation}",
title = "{ActiveMQ}",
year = {2014},
howpublished = "\url{https://activemq.apache.org/}"
}

@MISC{sonic-mq,
author = "{Progress Software Corporation}",
title = "{Sonic MQ}",
year = {2014},
howpublished = "\url{http://www.progress.com/products/openedge/solutions/application-integration/aurea-sonic-mq}"
}

@MISC{rabbitmq,
author = "{Pivotal Software, Inc.}",
title = "{RabbitMQ}",
year = {2014},
howpublished = "\url{http://www.rabbitmq.com/}"
}

@MISC{spread,
author = "{Spread Concepts LLC}",
title = "{Spread Toolkit}",
year = {2014},
howpublished = "\url{http://www.spread.org/}"
}

@MISC{akka,
author = "{Typesafe Inc.}",
title = "{Akka}",
year = {2014},
howpublished = "\url{http://akka.io/}"
}

@MISC{zeromq,
author = "{iMatix Corporation}",
title = "{ZeroMQ}",
year = {2014},
howpublished = "\url{http://zeromq.org/}"
}

@MISC{jms,
author = "{Hapner, Mark and Burridge, Rich and Sharma, Rahul and Fialli, Joseph and Stout, Kate and Deakin, Nigel}",
title = "{Java Message Service}",
year = {2013},
howpublished = "\url{https://jcp.org/aboutJava/communityprocess/final/jsr343/index.html}"
}

@inproceedings{case-for-mom,
 author = {Banavar, Guruduth and Chandra, Tushar Deepak and Strom, Robert E. and Sturman, Daniel C.},
 title = {A Case for Message Oriented Middleware},
 booktitle = {Proceedings of the 13th International Symposium on Distributed Computing},
 year = {1999},
 isbn = {3-540-66531-5},
 pages = {1--18},
 numpages = {18},
 url = {http://dl.acm.org/citation.cfm?id=645956.675943},
 acmid = {675943},
 publisher = {Springer-Verlag},
 address = {London, UK, UK},
}

@inproceedings{messaging-and-transactions,
 author = {Tai, Stefan and Rouvellou, Isabelle},
 title = {Strategies for Integrating Messaging and Distributed Object Transactions},
 booktitle = {IFIP/ACM International Conference on Distributed Systems Platforms},
 series = {Middleware '00},
 year = {2000},
 isbn = {3-540-67352-0},
 location = {New York, New York, USA},
 pages = {308--330},
 numpages = {23},
 url = {http://dl.acm.org/citation.cfm?id=338283.338377},
 acmid = {338377},
 publisher = {Springer-Verlag New York, Inc.},
 address = {Secaucus, NJ, USA},
}

@article{conditional-messaging,
author = {Stefan Tai and Thomas Mikalsen and Isabelle Rouvellou and Stanley M. Sutton Jr.},
title = {Conditional Messaging: Extending Reliable Messaging with Application Conditions},
journal ={2002 IEEE 22nd International Conference on Distributed Computing Systems},
volume = {0},
issn = {1063-6927},
year = {2002},
pages = {123},
doi = {http://doi.ieeecomputersociety.org/10.1109/ICDCS.2002.1022249},
publisher = {IEEE Computer Society},
address = {Los Alamitos, CA, USA},
}

@inproceedings{isis,
 author = {Birman, Kenneth P.},
 title = {Replication and Fault-tolerance in the ISIS System},
 booktitle = {Proceedings of the Tenth ACM Symposium on Operating Systems Principles},
 series = {SOSP '85},
 year = {1985},
 isbn = {0-89791-174-1},
 location = {Orcas Island, Washington, USA},
 pages = {79--86},
 numpages = {8},
 url = {http://doi.acm.org/10.1145/323647.323636},
 doi = {10.1145/323647.323636},
 acmid = {323636},
 publisher = {ACM},
 address = {New York, NY, USA},
}

@article{causal-multicast,
 author = {Birman, Kenneth and Schiper, Andr{\'e} and Stephenson, Pat},
 title = {Lightweight Causal and Atomic Group Multicast},
 journal = {ACM Trans. Comput. Syst.},
 issue_date = {Aug. 1991},
 volume = {9},
 number = {3},
 month = aug,
 year = {1991},
 issn = {0734-2071},
 pages = {272--314},
 numpages = {43},
 url = {http://doi.acm.org/10.1145/128738.128742},
 doi = {10.1145/128738.128742},
 acmid = {128742},
 publisher = {ACM},
 address = {New York, NY, USA},
 keywords = {fault-tolerant process groups, message ordering, multicast communication},
}

@article{horus,
 author = {van Renesse, Robbert and Birman, Kenneth P. and Maffeis, Silvano},
 title = {Horus: A Flexible Group Communication System},
 journal = {Commun. ACM},
 issue_date = {April 1996},
 volume = {39},
 number = {4},
 month = apr,
 year = {1996},
 issn = {0001-0782},
 pages = {76--83},
 numpages = {8},
 url = {http://doi.acm.org/10.1145/227210.227229},
 doi = {10.1145/227210.227229},
 acmid = {227229},
 publisher = {ACM},
 address = {New York, NY, USA},
}

@INPROCEEDINGS{reliable-bpel,
author={Charfi, A and Schmeling, B. and Mezini, M.},
booktitle={Web Services, 2006. ICWS '06. International Conference on},
title={Reliable Messaging for BPEL Processes},
year={2006},
month={Sept},
pages={293-302},
keywords={Web services;business data processing;formal specification;specification languages;Sandesha;Web service description language;Web service reliability;business process execution language;multiparty reliable messaging;open source implementation;process container framework;reliable messaging Web service;Containers;Context-aware services;Engines;Middleware;Programming profession;Security;Simple object access protocol;Web services},
doi={10.1109/ICWS.2006.111},}

@MISC{ws-reliability,
author = "{OASIS}",
title = "{WS-Reliability}",
year = {2004},
howpublished = "\url{http://docs.oasis-open.org/wsrm/ws-reliability/v1.1/wsrm-ws_reliability-1.1-spec-os.pdf}"
}

@MISC{ws-reliablemessaging,
author = "{OASIS}",
title = "{WS-ReliableMessaging}",
year = {2007},
howpublished = "\url{http://docs.oasis-open.org/ws-rx/wsrm/200702/wsrm-1.1-spec-os-01.pdf}"
}

@inproceedings{mom-consistency,
 author = {Molina-Jimenez, Carlos and Shrivastava, Santosh and Cook, Nick},
 title = {Implementing Business Conversations with Consistency Guarantees Using Message-Oriented Middleware},
 booktitle = {Proceedings of the 11th IEEE International Enterprise Distributed Object Computing Conference},
 series = {EDOC '07},
 year = {2007},
 isbn = {0-7695-2891-0},
 pages = {51--},
 url = {http://dl.acm.org/citation.cfm?id=1317532.1318036},
 acmid = {1318036},
 publisher = {IEEE Computer Society},
 address = {Washington, DC, USA},
}

@MISC{sqs,
author = "{Amazon Web Services, Inc.}",
title = "{Amazon Simple Queue Service}",
year = {2014},
howpublished = "\url{https://aws.amazon.com/sqs/}"
}

@article{query-monitoring,
  author    = {Chaitanya Mishra and
               Nick Koudas},
  title     = {The design of a query monitoring system},
  journal   = {ACM Trans. Database Syst.},
  volume    = {34},
  number    = {1},
  year      = {2009},
  ee        = {http://doi.acm.org/10.1145/1508857.1508858},
  bibsource = {DBLP, http://dblp.uni-trier.de}
}

@inproceedings{progress-estimation,
  author    = {Surajit Chaudhuri and
               Vivek R. Narasayya and
               Ravishankar Ramamurthy},
  title     = {Estimating Progress of Long Running SQL Queries},
  booktitle = {SIGMOD},
  year      = {2004},
  pages     = {803-814},
  ee        = {http://doi.acm.org/10.1145/1007568.1007659, http://www.sigmod.org/sigmod/sigmod04/eproceedings/pdf/R-631.pdf},
  bibsource = {DBLP, http://dblp.uni-trier.de}
}

@inproceedings{self-management,
  author    = {Surajit Chaudhuri and
               Beno\^{\i}t Dageville and
               Guy M. Lohman},
  title     = {Self-Managing Technology in Database Management Systems},
  booktitle = {VLDB},
  year      = {2004},
  pages     = {1243},
  ee        = {http://www.vldb.org/conf/2004/TUT3.PDF},
  bibsource = {DBLP, http://dblp.uni-trier.de}
}

@inproceedings{progress-indicator,
  author    = {Gang Luo and
               Jeffrey F. Naughton and
               Curt J. Ellmann and
               Michael Watzke},
  title     = {Toward a Progress Indicator for Database Queries},
  booktitle = {SIGMOD},
  year      = {2004},
  pages     = {791-802},
  ee        = {http://doi.acm.org/10.1145/1007568.1007658, http://www.sigmod.org/sigmod/sigmod04/eproceedings/pdf/R-186.pdf},
  bibsource = {DBLP, http://dblp.uni-trier.de}
}

@inproceedings{workload-management,
  author    = {Ashraf Aboulnaga and
               Shivnath Babu},
  title     = {Workload management for Big Data analytics},
  booktitle = {ICDE},
  year      = {2013},
  pages     = {1249},
  ee        = {http://dx.doi.org/10.1109/ICDE.2013.6544915, http://doi.ieeecomputersociety.org/10.1109/ICDE.2013.6544915},
  bibsource = {DBLP, http://dblp.uni-trier.de}
}

@article{mr-skew,
  author    = {YongChul Kwon and
               Magdalena Balazinska and
               Bill Howe and
               Jerome A. Rolia},
  title     = {SkewTune in Action: Mitigating Skew in MapReduce Applications},
  journal   = {PVLDB},
  volume    = {5},
  number    = {12},
  year      = {2012},
  pages     = {1934-1937},
  ee        = {http://vldb.org/pvldb/vol5/p1934_yongchulkwon_vldb2012.pdf},
  bibsource = {DBLP, http://dblp.uni-trier.de}
}

@inproceedings{mr-outliers,
  author    = {Ganesh Ananthanarayanan and
               Srikanth Kandula and
               Albert G. Greenberg and
               Ion Stoica and
               Yi Lu and
               Bikas Saha and
               Edward Harris},
  title     = {Reining in the Outliers in Map-Reduce Clusters using Mantri},
  booktitle = {OSDI},
  year      = {2010},
  pages     = {265-278},
  ee        = {http://www.usenix.org/events/osdi10/tech/full_papers/Ananthanarayanan.pdf},
  bibsource = {DBLP, http://dblp.uni-trier.de}
}

@inproceedings{mr-stragglers,
    author = {Lin, J.},
    booktitle = {LSDS-IR workshop},
    citeulike-article-id = {6091323},
    citeulike-linkout-0 = {http://scholar.google.com.sg/scholar?cluster=3230873860067816724\&\#38;hl=en},
    keywords = {map, parallelization, reduce, straggler},
    posted-at = {2009-11-10 04:34:25},
    priority = {2},
    title = {{The Curse of Zipf and Limits to Parallelization: A Look at the Stragglers Problem in MapReduce}},
    year = {2009}
}

@inproceedings{Volcano,
 author = {Graefe, Goetz},
 title = {Encapsulation of Parallelism in the Volcano Query Processing System},
 booktitle = {SIGMOD},
 year = {1990},
 pages = {102--111},
}

@inproceedings{mapreduce,
 author = {Dean, Jeffrey and Ghemawat, Sanjay},
 title = {MapReduce: Simplified Data Processing on Large Clusters},
 series = {OSDI},
 year = {2004},
 location = {San Francisco, CA},
 pages = {10--10},
 numpages = {1},
}

@article{hekaton,
  author    = {Per-{\AA}ke Larson and
               Mike Zwilling and
               Kevin Farlee},
  title     = {The Hekaton Memory-Optimized OLTP Engine},
  journal   = {IEEE Data Eng. Bull.},
  volume    = {36},
  number    = {2},
  year      = {2013},
  pages     = {34-40},
  ee        = {http://sites.computer.org/debull/A13june/Hekaton1.pdf},
  bibsource = {DBLP, http://dblp.uni-trier.de}
}

@article{hana,
  author    = {Franz F{\"a}rber and
               Norman May and
               Wolfgang Lehner and
               Philipp Gro{\ss}e and
               Ingo M{\"u}ller and
               Hannes Rauhe and
               Jonathan Dees},
  title     = {The SAP HANA Database -- An Architecture Overview},
  journal   = {IEEE Data Eng. Bull.},
  volume    = {35},
  number    = {1},
  year      = {2012},
  pages     = {28-33},
  ee        = {http://sites.computer.org/debull/A12mar/hana.pdf},
  bibsource = {DBLP, http://dblp.uni-trier.de}
}

@article{soliddb,
  author    = {Jan Lindstr{\"o}m and
               Vilho Raatikka and
               Jarmo Ruuth and
               Petri Soini and
               Katriina Vakkila},
  title     = {IBM SolidDB: In-Memory Database Optimized for Extreme Speed
               and Availability},
  journal   = {IEEE Data Eng. Bull.},
  volume    = {36},
  number    = {2},
  year      = {2013},
  pages     = {14-20},
  ee        = {http://sites.computer.org/debull/A13june/soliddb1.pdf},
  bibsource = {DBLP, http://dblp.uni-trier.de}
}

@inproceedings{timesten,
  author    = {Times-Ten Team},
  title     = {In-Memory Data Management for Consumer Transactions The
               Times-Ten Approach},
  booktitle = {SIGMOD},
  year      = {1999},
  pages     = {528-529},
  ee        = {http://doi.acm.org/10.1145/304182.304244},
  bibsource = {DBLP, http://dblp.uni-trier.de}
}

@article{lamport-ordering,
 author = {Lamport, Leslie},
 title = {Time, Clocks, and the Ordering of Events in a Distributed System},
 journal = {Commun. ACM},
 issue_date = {July 1978},
 volume = {21},
 number = {7},
 month = jul,
 year = {1978},
 issn = {0001-0782},
 pages = {558--565},
 numpages = {8},
 url = {http://doi.acm.org/10.1145/359545.359563},
 doi = {10.1145/359545.359563},
 acmid = {359563},
 publisher = {ACM},
 address = {New York, NY, USA},
 keywords = {clock synchronization, computer networks, distributed systems, multiprocess systems},
}

@article{process-groups,
 author = {Birman, Kenneth P.},
 title = {The Process Group Approach to Reliable Distributed Computing},
 journal = {Commun. ACM},
 issue_date = {Dec. 1993},
 volume = {36},
 number = {12},
 month = dec,
 year = {1993},
 issn = {0001-0782},
 pages = {37--53},
 numpages = {17},
 url = {http://doi.acm.org/10.1145/163298.163303},
 doi = {10.1145/163298.163303},
 acmid = {163303},
 publisher = {ACM},
 address = {New York, NY, USA},
 keywords = {fault-tolerant process groups, message ordering, multicast communication},
}

@article{monetdb,
  author    = {Stratos Idreos and
               Fabian Groffen and
               Niels Nes and
               Stefan Manegold and
               K. Sjoerd Mullender and
               Martin L. Kersten},
  title     = {{MonetDB}: Two Decades of Research in Column-oriented Database
               Architectures},
  journal   = {IEEE Data Eng. Bull.},
  volume    = {35},
  number    = {1},
  year      = {2012},
  pages     = {40-45},
  ee        = {http://sites.computer.org/debull/A12mar/monetdb.pdf},
  bibsource = {DBLP, http://dblp.uni-trier.de}
}

@MISC{tmb-full-paper,
title = "{Design and Evaluation of a Reliable and Scalable Communication Paradigm (Extended Paper) - AUTHORS WITHHELD FOR DOUBLE-BLIND REVIEW}",
}

@MISC{fb-growth-14,
author = "{Pamela Vagata and Kevin Wilfong}",
title = "{Scaling the Facebook data warehouse to 300 PB}",
year = {2014},
howpublished = "{\small \url{https://code.facebook.com/posts/229861827208629}}"
}
%howpublished = "\url{https://code.facebook.com/posts/229861827208629/scaling-the-facebook-data-warehouse-to-300-pb/}"

@inproceedings{impala,
  author    = {Marcel Kornacker and
               Alexander Behm and
               Victor Bittorf and
               Taras Bobrovytsky and
               Casey Ching and
               Alan Choi and
               Justin Erickson and
               Martin Grund and
               Daniel Hecht and
               Matthew Jacobs and
               Ishaan Joshi and
               Lenni Kuff and
               Dileep Kumar and
               Alex Leblang and
               Nong Li and
               Ippokratis Pandis and
               Henry Robinson and
               David Rorke and
               Silvius Rus and
               John Russell and
               Dimitris Tsirogiannis and
               Skye Wanderman{-}Milne and
               Michael Yoder},
  title     = {Impala: {A} Modern, Open-Source {SQL} Engine for Hadoop},
  booktitle = {{CIDR}},
  year      = {2015}
}

@MISC{tez,
author = "{Hortonworks}",
title = "{Apache Tez}",
year = {2016},
howpublished = "\url{http://hortonworks.com/hadoop/tez/}"
}

@MISC{cpu2006,
author = "{Standard Performance Evaluation Corporation}",
title = "{INT2006 (Integer Component of SPEC CPU2006)}",
year = {2016},
howpublished = "{\small \url{https://www.spec.org/cpu2006/CINT2006}}"
}

@MISC{google-pages-db,
author = "{Statistic Brain Research Institute}",
title = "{Google Annual Search Statistics}",
year = {2016},
howpublished = "{\small \url{http://www.statisticbrain.com/google-searches}}"
}

@article{ChasseurP13,
  author    = {Craig Chasseur and
               Jignesh M. Patel},
  title     = {Design and Evaluation of Storage Organizations for Read-Optimized
               Main Memory Databases},
  journal   = {{PVLDB}},
  volume    = {6},
  number    = {13},
  pages     = {1474--1485},
  year      = {2013}
}

@inproceedings{FanRP15,
  author    = {Jing Fan and
               Adalbert Gerald Soosai Raj and
               Jignesh M. Patel},
  title     = {The Case Against Specialized Graph Analytics Engines},
  booktitle = {{CIDR}},
  year      = {2015}
}

@article{JindalR0MDS14,
  author    = {Alekh Jindal and
               Praynaa Rawlani and
               Eugene Wu and
               Samuel Madden and
               Amol Deshpande and
               Mike Stonebraker},
  title     = {{VERTEXICA:} Your Relational Friend for Graph Analytics!},
  journal   = {{PVLDB}},
  volume    = {7},
  number    = {13},
  pages     = {1669--1672},
  year      = {2014},
}

@inproceedings{Orca,
  author    = {Mohamed A. Soliman and
               Lyublena Antova and
               Venkatesh Raghavan and
               Amr El{-}Helw and
               Zhongxian Gu and
               Entong Shen and
               George C. Caragea and
               Carlos Garcia{-}Alvarado and
               Foyzur Rahman and
               Michalis Petropoulos and
               Florian Waas and
               Sivaramakrishnan Narayanan and
               Konstantinos Krikellas and
               Rhonda Baldwin},
  title     = {Orca: a modular query optimizer architecture for big data},
  booktitle = {SIGMOD},
  pages     = {337--348},
  year      = {2014},
}

@inproceedings{HankinsP03,
  author    = {Richard A. Hankins and
               Jignesh M. Patel},
  title     = {Data Morphing: An Adaptive, Cache-Conscious Storage Technique},
  booktitle = {{VLDB}},
  pages     = {417--428},
  year      = {2003},
}

@inproceedings{csbtree,
 author = {Rao, Jun and Ross, Kenneth A.},
 title = {Making B+- Trees Cache Conscious in Main Memory},
 booktitle = {SIGMOD},
 year = {2000},
 pages = {475--486},
}

@inproceedings{hyper,
  author    = {Alfons Kemper and
               Thomas Neumann},
  title     = {{HyPer}: A hybrid {OLTP}{\&}{OLAP} main memory database system
                  based on virtual memory snapshots},
  booktitle = {ICDE},
  year      = {2011},
  pages     = {195-206},
  ee        = {http://doi.ieeecomputersociety.org/10.1109/ICDE.2011.5767867},
  bibsource = {DBLP, http://dblp.uni-trier.de}
}

@inproceedings{BonczZN05,
  author    = {Peter A. Boncz and
               Marcin Zukowski and
               Niels Nes},
  title     = {{MonetDB/X100}: Hyper-Pipelining Query Execution},
  booktitle = {CIDR},
  year      = {2005},
  pages     = {225-237},
  ee        = {http://www.cidrdb.org/cidr2005/papers/P19.pdf},
  bibsource = {DBLP, http://dblp.uni-trier.de}
}

@article{BonczKM08,
  author    = {Peter A. Boncz and
               Martin L. Kersten and
               Stefan Manegold},
  title     = {Breaking the memory wall in {MonetDB}},
  journal   = {Commun. ACM},
  volume    = {51},
  number    = {12},
  year      = {2008},
  pages     = {77-85},
  ee        = {http://doi.acm.org/10.1145/1409360.1409380},
  bibsource = {DBLP, http://dblp.uni-trier.de}
}

@article{IdreosGNMMK12,
  author    = {Stratos Idreos and
               Fabian Groffen and
               Niels Nes and
               Stefan Manegold and
               K. Sjoerd Mullender and
               Martin L. Kersten},
  title     = {{MonetDB}: Two Decades of Research in Column-oriented Database
               Architectures},
  journal   = {IEEE Data Eng. Bull.},
  volume    = {35},
  number    = {1},
  year      = {2012},
  pages     = {40-45},
  ee        = {http://sites.computer.org/debull/A12mar/monetdb.pdf},
  bibsource = {DBLP, http://dblp.uni-trier.de}
}

@inproceedings{RamanSQRDKNS08,
  author    = {Vijayshankar Raman and
               Garret Swart and
               Lin Qiao and
               Frederick Reiss and
               Vijay Dialani and
               Donald Kossmann and
               Inderpal Narang and
               Richard Sidle},
  title     = {Constant-Time Query Processing},
  booktitle = {ICDE},
  year      = {2008},
  pages     = {60-69},
  ee        = {http://doi.ieeecomputersociety.org/10.1109/ICDE.2008.4497414},
  bibsource = {DBLP, http://dblp.uni-trier.de}
}

@article{widetable,
  author    = {Yinan Li and
               Jignesh M. Patel},
  title     = {{WideTable}: An Accelerator for Analytical Data Processing},
  journal   = {PVLDB},
  volume    = {7},
  number    = {10},
  year      = {2014},
  pages     = {907-918},
  ee        = {http://www.vldb.org/pvldb/vol7/p907-li.pdf},
  bibsource = {DBLP, http://dblp.uni-trier.de}
}

@inproceedings{XinRZFSS13,
  author    = {Reynold S. Xin and
               Josh Rosen and
               Matei Zaharia and
               Michael J. Franklin and
               Scott Shenker and
               Ion Stoica},
  title     = {Shark: {SQL} and rich analytics at scale},
  booktitle = {SIGMOD},
  year      = {2013},
  pages     = {13-24},
  ee        = {http://doi.acm.org/10.1145/2463676.2465288},
  bibsource = {DBLP, http://dblp.uni-trier.de}
}

@article{vectorwise,
  author    = {Marcin Zukowski and
               Peter A. Boncz},
  title     = {Vectorwise: Beyond Column Stores},
  journal   = {IEEE Data Eng. Bull.},
  volume    = {35},
  number    = {1},
  year      = {2012},
  pages     = {21-27},
}

@article{FarberMLGMRD12,
  author    = {Franz F{\"a}rber and
               Norman May and
               Wolfgang Lehner and
               Philipp Gro{\ss}e and
               Ingo M{\"u}ller and
               Hannes Rauhe and
               Jonathan Dees},
  title     = {The {SAP HANA} Database -- An Architecture Overview},
  journal   = {IEEE Data Eng. Bull.},
  volume    = {35},
  number    = {1},
  year      = {2012},
  pages     = {28-33},
  ee        = {http://sites.computer.org/debull/A12mar/hana.pdf},
  bibsource = {DBLP, http://dblp.uni-trier.de}
}

@article{RamanABCKKLLLLMMPSSSSZ13,
  author    = {Vijayshankar Raman and
               Gopi K. Attaluri and
               Ronald Barber and
               Naresh Chainani and
               David Kalmuk and
               Vincent KulandaiSamy and
               Jens Leenstra and
               Sam Lightstone and
               Shaorong Liu and
               Guy M. Lohman and
               Tim Malkemus and
               Ren{\'e} M{\"u}ller and
               Ippokratis Pandis and
               Berni Schiefer and
               David Sharpe and
               Richard Sidle and
               Adam J. Storm and
               Liping Zhang},
  title     = {{DB2} with {BLU} Acceleration: So Much More than Just a Column
               Store},
  journal   = {PVLDB},
  volume    = {6},
  number    = {11},
  year      = {2013},
  pages     = {1080-1091},
  ee        = {http://www.vldb.org/pvldb/vol6/p1080-barber.pdf},
  bibsource = {DBLP, http://dblp.uni-trier.de}
}

@inproceedings{SIMD-DBMS,
  author    = {Jingren Zhou and
               Kenneth A. Ross},
  title     = {Implementing database operations using {SIMD} instructions},
  booktitle = {SIGMOD},
  year      = {2002},
  pages     = {145-156},
}

@article{JohnsonRSS08,
  author    = {Ryan Johnson and
               Vijayshankar Raman and
               Richard Sidle and
               Garret Swart},
  title     = {Row-wise parallel predicate evaluation},
  journal   = {PVLDB},
  volume    = {1},
  number    = {1},
  year      = {2008},
  pages     = {622-634},
  ee        = {http://www.vldb.org/pvldb/1/1453925.pdf},
  bibsource = {DBLP, http://dblp.uni-trier.de}
}

@article{WillhalmPBPZS09,
  author    = {Thomas Willhalm and
               Nicolae Popovici and
               Yazan Boshmaf and
               Hasso Plattner and
               Alexander Zeier and
               Jan Schaffner},
  title     = {{SIMD}-Scan: Ultra Fast in-Memory Table Scan using on-Chip
               Vector Processing Units},
  journal   = {PVLDB},
  volume    = {2},
  number    = {1},
  year      = {2009},
  pages     = {385-394},
  ee        = {http://www.vldb.org/pvldb/2/vldb09-327.pdf},
  bibsource = {DBLP, http://dblp.uni-trier.de}
}

@inproceedings{WillhalmO0F13,
  author    = {Thomas Willhalm and
               Ismail Oukid and
               Ingo M{\"u}ller and
               Franz Faerber},
  title     = {Vectorizing Database Column Scans with Complex Predicates},
  booktitle = {ADMS},
  year      = {2013},
  pages     = {1-12},
  ee        = {http://www.adms-conf.org/2013/muller_adms13.pdf},
  bibsource = {DBLP, http://dblp.uni-trier.de}
}


@inproceedings{LeisBK014,
  author    = {Viktor Leis and
               Peter A. Boncz and
               Alfons Kemper and
               Thomas Neumann},
  title     = {Morsel-driven parallelism: a NUMA-aware query evaluation framework
               for the many-core age},
  booktitle = {SIGMOD},
  pages     = {743--754},
  year      = {2014}
}

@inproceedings{SparkSQL,
  author    = {Michael Armbrust and
               Reynold S. Xin and
               Cheng Lian and
               Yin Huai and
               Davies Liu and
               Joseph K. Bradley and
               Xiangrui Meng and
               Tomer Kaftan and
               Michael J. Franklin and
               Ali Ghodsi and
               Matei Zaharia},
  title     = {Spark {SQL:} Relational Data Processing in Spark},
  booktitle = {SIGMOD},
  pages     = {1383--1394},
  year      = {2015}
}


@inproceedings{LiPMRL13,
  author    = {Yinan Li and
               Ippokratis Pandis and
               Ren{\'{e}} M{\"{u}}ller and
               Vijayshankar Raman and
               Guy M. Lohman},
  title     = {NUMA-aware algorithms: the case of data shuffling},
  booktitle = {{CIDR}},
  year      = {2013}
}

@inproceedings{BlanasP13,
  author    = {Spyros Blanas and
               Jignesh M. Patel},
  title     = {Memory footprint matters: efficient equi-join algorithms for main
               memory data processing},
  booktitle = {{SOCC}},
  pages     = {19:1--19:16},
  year      = {2013}
}

@inproceedings{BlanasLP11,
  author    = {Spyros Blanas and
               Yinan Li and
               Jignesh M. Patel},
  title     = {Design and evaluation of main memory hash join algorithms for multi-core
               CPUs},
  booktitle = {SIGMOD},
  pages     = {37--48},
  year      = {2011}
}

@article{BalkesenTAO15,
  author    = {Cagri Balkesen and
               Jens Teubner and
               Gustavo Alonso and
               M. Tamer {\"{O}}zsu},
  title     = {Main-Memory Hash Joins on Modern Processor Architectures},
  journal   = {{IEEE} Trans. Knowl. Data Eng.},
  volume    = {27},
  number    = {7},
  pages     = {1754--1766},
  year      = {2015}
}

@article{BalkesenATO13,
  author    = {Cagri Balkesen and
               Gustavo Alonso and
               Jens Teubner and
               M. Tamer {\"{O}}zsu},
  title     = {Multi-Core, Main-Memory Joins: Sort vs. Hash Revisited},
  journal   = {{PVLDB}},
  volume    = {7},
  number    = {1},
  pages     = {85--96},
  year      = {2013}
}

@article{LeeABCDHI0LLMMPQRSSSZ14,
  author    = {Jae{-}Gil Lee and
               Gopi K. Attaluri and
               Ronald Barber and
               Naresh Chainani and
               Oliver Draese and
               Frederick Ho and
               Stratos Idreos and
               Min{-}Soo Kim and
               Sam Lightstone and
               Guy M. Lohman and
               Konstantinos Morfonios and
               Keshava Murthy and
               Ippokratis Pandis and
               Lin Qiao and
               Vijayshankar Raman and
               Vincent Kulandai Samy and
               Richard Sidle and
               Knut Stolze and
               Liping Zhang},
  title     = {Joins on Encoded and Partitioned Data},
  journal   = {{PVLDB}},
  volume    = {7},
  number    = {13},
  pages     = {1355--1366},
  year      = {2014}
}

@article{BarberLPRSACLS14,
  author    = {Ronald Barber and
               Guy M. Lohman and
               Ippokratis Pandis and
               Vijayshankar Raman and
               Richard Sidle and
               Gopi K. Attaluri and
               Naresh Chainani and
               Sam Lightstone and
               David Sharpe},
  title     = {Memory-Efficient Hash Joins},
  journal   = {{PVLDB}},
  volume    = {8},
  number    = {4},
  pages     = {353--364},
  year      = {2014}
}
@inproceedings{KieferSL13,
  author    = {Tim Kiefer and
               Benjamin Schlegel and
               Wolfgang Lehner},
  title     = {Experimental Evaluation of {NUMA} Effects on Database Management Systems},
  booktitle = {BTW},
  pages     = {185--204},
  year      = {2013},
}

@inproceedings{KieferKSHML14,
  author    = {Tim Kiefer and
               Thomas Kissinger and
               Benjamin Schlegel and
               Dirk Habich and
               Daniel Molka and
               Wolfgang Lehner},
  title     = {{ERIS} live: a NUMA-aware in-memory storage engine for tera-scale
               multiprocessor systems},
  booktitle = {SIGMOD},
  pages     = {689--692},
  year      = {2014}
}

@inproceedings{BouganimFV97,
  author    = {Luc Bouganim and
               Daniela Florescu and
               Patrick Valduriez},
  title     = {Multi-Join Query Execution with Skew in {NUMA} Multiprocessors},
  booktitle = {13{\`{e}}me Journ{\'{e}}es Bases de Donn{\'{e}}es Avanc{\'{e}}es (DBA)},
  year      = {1997}
}


@inproceedings{IdreosKM07,
  author    = {Stratos Idreos and
               Martin L. Kersten and
               Stefan Manegold},
  title     = {Database Cracking},
  booktitle = {{CIDR}},
  pages     = {68--78},
  year      = {2007}
  }

@misc{intele7,
  title  = {Intel Xeon Processor E7-4800/8800 v3 Product Families: Datasheet Volumn1: {EMTS}},
  author = {{Intel Corporation}},
  month = {May},
  year = {2015}
}

@article{TuKMZ13,
  author    = {Stephen Tu and
               M. Frans Kaashoek and
               Samuel Madden and
               Nickolai Zeldovich},
  title     = {Processing Analytical Queries over Encrypted Data},
  journal   = {{PVLDB}},
  volume    = {6},
  number    = {5},
  pages     = {289--300},
  year      = {2013},
  url       = {http://www.vldb.org/pvldb/vol6/p289-tu.pdf},
  timestamp = {Wed, 04 Sep 2013 08:33:42 +0200},
  biburl    = {http://dblp.uni-trier.de/rec/bib/journals/pvldb/TuKMZ13},
  bibsource = {dblp computer science bibliography, http://dblp.org}
}

@inproceedings{AbadiMH08,
  author    = {Daniel J. Abadi and
               Samuel Madden and
               Nabil Hachem},
  title     = {Column-stores vs. row-stores: how different are they really?},
  booktitle = {SIGMOD},
  pages     = {967--980},
  year      = {2008},
  url       = {http://doi.acm.org/10.1145/1376616.1376712},
  doi       = {10.1145/1376616.1376712},
  timestamp = {Tue, 10 Jun 2008 07:38:05 +0200},
}

@inproceedings{AbadiMF06,
  author    = {Daniel J. Abadi and
               Samuel Madden and
               Miguel Ferreira},
  title     = {Integrating compression and execution in column-oriented database
               systems},
  booktitle = {SIGMOD},
  pages     = {671--682},
  year      = {2006},
  url       = {http://doi.acm.org/10.1145/1142473.1142548},
  doi       = {10.1145/1142473.1142548},
  timestamp = {Thu, 06 Jul 2006 14:01:55 +0200},
  biburl    = {http://dblp.uni-trier.de/rec/bib/conf/sigmod/AbadiMF06},
  bibsource = {dblp computer science bibliography, http://dblp.org}
}

@inproceedings{hawq,
  author    = {Lei Chang and
               Zhanwei Wang and
               Tao Ma and
               Lirong Jian and
               Lili Ma and
               Alon Goldshuv and
               Luke Lonergan and
               Jeffrey Cohen and
               Caleb Welton and
               Gavin Sherry and
               Milind Bhandarkar},
  title     = {{HAWQ:} a massively parallel processing {SQL} engine in hadoop},
  booktitle = {SIGMOD},
  pages     = {1223--1234},
  year      = {2014}
}

@inproceedings{yarn,
  author    = {Vinod Kumar Vavilapalli and
               Arun C. Murthy and
               Chris Douglas and
               Sharad Agarwal and
               Mahadev Konar and
               Robert Evans and
               Thomas Graves and
               Jason Lowe and
               Hitesh Shah and
               Siddharth Seth and
               Bikas Saha and
               Carlo Curino and
               Owen O'Malley and
               Sanjay Radia and
               Benjamin Reed and
               Eric Baldeschwieler},
  title     = {Apache Hadoop {YARN:} yet another resource negotiator},
  booktitle = {{ACM} Symposium on Cloud Computing, {SOCC} '13, Santa Clara, CA, USA,
               October 1-3, 2013},
  pages     = {5:1--5:16},
  year      = {2013}
}

@misc{pcm,
	author = {},
	title = {opcm/pcm: Process Counter Monitor},
	howpublished = {\url{https://github.com/opcm/pcm}},
	month = {},
	year = {},
	note = {(Accessed on 06/13/2018)}
}

@misc{intel-prefetching,
	author = {Vish Viswanathan},
	title = {Disclosure of H/W prefetcher control on some Intel processors},
	howpublished = {\url{https://software.intel.com/en-us/articles/disclosure-of-hw-prefetcher-control-on-some-intel-processors}},
	month = {September},
	year = {2014},
	note = {(Accessed on 06/12/2018)}
}

@inproceedings{FengL15,
  author    = {Ziqiang Feng and
               Eric Lo},
  title     = {Accelerating aggregation using intra-cycle parallelism},
  booktitle = {{ICDE}},
  pages     = {291--302},
  year      = {2015},
}

@inproceedings{ONeilQ97,
  author    = {Patrick E. O'Neil and
               Dallan Quass},
  title     = {Improved Query Performance with Variant Indexes},
  booktitle = {SIGMOD},
  year      = {1997},
  pages     = {38-49},
  ee        = {http://doi.acm.org/10.1145/253260.253268, db/conf/sigmod/ONeilQ97.html},
  bibsource = {DBLP, http://dblp.uni-trier.de}
}

@inproceedings{RinfretOO01,
  author    = {Denis Rinfret and
               Patrick E. O'Neil and
               Elizabeth J. O'Neil},
  title     = {Bit-Sliced Index Arithmetic},
  booktitle = {SIGMOD},
  year      = {2001},
  pages     = {47-57},
  ee        = {http://doi.acm.org/10.1145/375663.375669, http://www.acm.org/sigs/sigmod/sigmod01/eproceedings/papers/Research-Rinfret-et-al.pdf},
  bibsource = {DBLP, http://dblp.uni-trier.de}
}

@inproceedings{ChanI98,
  author    = {Chee Yong Chan and
               Yannis E. Ioannidis},
  title     = {Bitmap Index Design and Evaluation},
  booktitle = {SIGMOD},
  year      = {1998},
  pages     = {355-366},
  ee        = {http://doi.acm.org/10.1145/276304.276336, db/conf/sigmod/ChanI98.html},
  bibsource = {DBLP, http://dblp.uni-trier.de}
}

@inproceedings{Wu99,
  author    = {Ming-Chuan Wu},
  title     = {Query Optimization for Selections Using Bitmaps},
  booktitle = {SIGMOD},
  year      = {1999},
  pages     = {227-238},
  ee        = {http://doi.acm.org/10.1145/304182.304202, db/conf/sigmod/Wu99.html},
  bibsource = {DBLP, http://dblp.uni-trier.de}
}

@inproceedings{Johnson99,
  author    = {Theodore Johnson},
  title     = {Performance Measurements of Compressed Bitmap Indices},
  booktitle = {VLDB},
  year      = {1999},
  pages     = {278-289},
  ee        = {db/conf/vldb/Johnson99.html},
  bibsource = {DBLP, http://dblp.uni-trier.de}
}


@article{WuOS06,
  author    = {Kesheng Wu and
               Ekow J. Otoo and
               Arie Shoshani},
  title     = {Optimizing bitmap indices with efficient compression},
  journal   = {ACM Trans. Database Syst.},
  volume    = {31},
  number    = {1},
  year      = {2006},
  pages     = {1-38},
  ee        = {http://doi.acm.org/10.1145/1132863.1132864},
  bibsource = {DBLP, http://dblp.uni-trier.de}
}


@article{Lamport75,
  author    = {Leslie Lamport},
  title     = {Multiple Byte Processing with Full-Word Instructions},
  journal   = {Commun. ACM},
  volume    = {18},
  number    = {8},
  year      = {1975},
  pages     = {471-475},
  ee        = {http://doi.acm.org/10.1145/360933.360994},
  bibsource = {DBLP, http://dblp.uni-trier.de}
}


@article{Warren77,
  author    = {Henry S. Warren Jr.},
  title     = {Functions Realizable with Word-Parallel Logical and Two's-Complement
               Addition Instructions},
  journal   = {Commun. ACM},
  volume    = {20},
  number    = {6},
  year      = {1977},
  pages     = {439-441},
  ee        = {http://doi.acm.org/10.1145/359605.359632},
  bibsource = {DBLP, http://dblp.uni-trier.de}
}


@article{QiaoRRHL08,
  author    = {Lin Qiao and
               Vijayshankar Raman and
               Frederick Reiss and
               Peter J. Haas and
               Guy M. Lohman},
  title     = {Main-memory scan sharing for multi-core CPUs},
  journal   = {PVLDB},
  volume    = {1},
  number    = {1},
  year      = {2008},
  pages     = {610-621},
  ee        = {http://www.vldb.org/pvldb/1/1453924.pdf},
  bibsource = {DBLP, http://dblp.uni-trier.de}
}

@article{Barber12,
  author    = {Ronald Barber and
               Peter Bendel and
               Marco Czech and
               Oliver Draese and
               Frederick Ho and
               Namik Hrle and
               Stratos Idreos and
               Min-Soo Kim and
               Oliver Koeth and
               Jae-Gil Lee and
               Tianchao Tim Li and
               Guy M. Lohman and
               Konstantinos Morfonios and
               Ren{\'e} M{\"u}ller and
               Keshava Murthy and
               Ippokratis Pandis and
               Lin Qiao and
               Vijayshankar Raman and
               Richard Sidle and
               Knut Stolze and
               Sandor Szabo},
  title     = {Business Analytics in (a) {Blink}},
  journal   = {IEEE Data Eng. Bull.},
  volume    = {35},
  number    = {1},
  year      = {2012},
  pages     = {9-14},
  ee        = {http://sites.computer.org/debull/A12mar/blink.pdf},
  bibsource = {DBLP, http://dblp.uni-trier.de}
}

@inproceedings{AilamakiDHS01,
  author    = {Anastassia Ailamaki and
               David J. DeWitt and
               Mark D. Hill and
               Marios Skounakis},
  title     = {Weaving Relations for Cache Performance},
  booktitle = {{VLDB} 2001, Proceedings of 27th International Conference on Very
               Large Data Bases, September 11-14, 2001, Roma, Italy},
  pages     = {169--180},
  year      = {2001},
  url       = {http://www.vldb.org/conf/2001/P169.pdf},
  timestamp = {Mon, 17 Sep 2012 22:00:05 +0200},
  biburl    = {http://dblp.uni-trier.de/rec/bib/conf/vldb/AilamakiDHS01},
  bibsource = {dblp computer science bibliography, http://dblp.org}
}

@inproceedings{FengLKX15,
  author    = {Ziqiang Feng and
               Eric Lo and
               Ben Kao and
               Wenjian Xu},
  title     = {ByteSlice: Pushing the Envelop of Main Memory Data Processing with
               a New Storage Layout},
  booktitle = {SIGMOD},
  pages     = {31--46},
  year      = {2015}
}

@inproceedings{hdfs,
 author = {Shvachko, Konstantin and Kuang, Hairong and Radia, Sanjay and Chansler, Robert},
 title = {The Hadoop Distributed File System},
 booktitle = {26th Symposium on Mass Storage Systems and Technologies (MSST)},
 series = {MSST '10},
 year = {2010},
 isbn = {978-1-4244-7152-2},
 pages = {1--10},
 numpages = {10},
 url = {http://dx.doi.org/10.1109/MSST.2010.5496972},
 doi = {10.1109/MSST.2010.5496972},
 acmid = {1914427},
 publisher = {IEEE Computer Society},
 address = {Washington, DC, USA},
}

@misc{hdfs-old,
author = "{Apache Foundation}",
title = "{The Hadoop Distributed File System}",
year = {2015},
howpublished = "{\small \url{https://hadoop.apache.org}}"
}

@article{scuba,
  author    = {Lior Abraham and
               John Allen and
               Oleksandr Barykin and
               Vinayak R. Borkar and
               Bhuwan Chopra and
               Ciprian Gerea and
               Daniel Merl and
               Josh Metzler and
               David Reiss and
               Subbu Subramanian and
               Janet L. Wiener and
               Okay Zed},
  title     = {Scuba: Diving into Data at Facebook},
  journal   = {{PVLDB}},
  volume    = {6},
  number    = {11},
  pages     = {1057--1067},
  year      = {2013},
}

@article{lru-k,
  author    = {Elizabeth J. O'Neil and
               Patrick E. O'Neil and
               Gerhard Weikum},
  title     = {An Optimality Proof of the LRU-\emph{K} Page Replacement Algorithm},
  journal   = {J. {ACM}},
  volume    = {46},
  number    = {1},
  pages     = {92--112},
  year      = {1999},
}

@inproceedings{LiCP15,
  author    = {Yinan Li and
               Craig Chasseur and
               Jignesh M. Patel},
  title     = {A Padded Encoding Scheme to Accelerate Scans by Leveraging Skew},
  booktitle = {{SIGMOD}},
  pages     = {1509--1524},
  year      = {2015},
}

@article{QuickFOIL,
  author    = {Qiang Zeng and
               Jignesh M. Patel and
               David Page},
  title     = {QuickFOIL: Scalable Inductive Logic Programming},
  journal   = {{PVLDB}},
  volume    = {8},
  number    = {3},
  pages     = {197--208},
  year      = {2014},
}

@inproceedings{sma,
  author    = {Guido Moerkotte},
  title     = {Small Materialized Aggregates: {A} Light Weight Index Structure for
               Data Warehousing},
  booktitle = {{VLDB}},
  pages     = {476--487},
  year      = {1998},
}


@article{PsaroudakisSMSA15,
  author    = {Iraklis Psaroudakis and
               Tobias Scheuer and
               Norman May and
               Abdelkader Sellami and
               Anastasia Ailamaki},
  title     = {Scaling Up Concurrent Main-Memory Column-Store Scans: Towards Adaptive
               NUMA-aware Data and Task Placement},
  journal   = {{PVLDB}},
  volume    = {8},
  number    = {12},
  pages     = {1442--1453},
  year      = {2015},
}

@inproceedings{spark,
  author    = {Matei Zaharia and
               Mosharaf Chowdhury and
               Tathagata Das and
               Ankur Dave and
               Justin Ma and
               Murphy McCauly and
               Michael J. Franklin and
               Scott Shenker and
               Ion Stoica},
  title     = {Resilient Distributed Datasets: {A} Fault-Tolerant Abstraction for
               In-Memory Cluster Computing},
  booktitle = {USENIX} ,
  pages     = {15--28},
  year      = {2012}
}

@misc{redshift,
key = {redshift},
title = "{Amazon Redshift}",
year = {2016},
howpublished = "{\small \url{https://aws.amazon.com/redshift/}}"
}

@misc{citusdata,
key = {citus},
title = "{Citus Data}",
year = {2016},
howpublished = "{\small \url{https://www.citusdata.com}}"
}

@misc{greenplum,
key = {greenplum},
title = "{Greenplum database}",
year = {2016},
howpublished = "{\small \url{http://greenplum.org}}"
}

@misc{calcite,
key = {calcite},
title = "{Apache Calcite}",
year = {2016},
howpublished = "\url{https://calcite.apache.org}"
}

@misc{Postgres,
key = {postgres},
title = "{PostgreSQL}",
year = {2016},
howpublished = "{\small \url{http://www.postgresql.org}}"
}

@article{drill,
	Author = {Hausenblas, Michael and Nadeau, Jacques},
	Journal = {Big Data},
	Number = {2},
	Pages = {100--104},
	Title = {Apache Drill: Interactive Ad-Hoc Analysis at Scale},
	Volume = {1},
	Year = {2013}
}

@misc{flink,
title = "{Apache Flink}",
year = {2016},
howpublished = "\url{https://flink.apache.org/}"
}

@article{CarboneKEMHT15,
  author    = {Paris Carbone and
               Asterios Katsifodimos and
               Stephan Ewen and
               Volker Markl and
               Seif Haridi and
               Kostas Tzoumas},
  title     = {Apache Flink{\texttrademark}: Stream and Batch Processing in a Single
               Engine},
  journal   = {{IEEE} Data Eng. Bull.},
  volume    = {38},
  number    = {4},
  pages     = {28--38},
  year      = {2015},
  url       = {http://sites.computer.org/debull/A15dec/p28.pdf},
  timestamp = {Wed, 13 Jul 2016 10:28:32 +0200},
  biburl    = {http://dblp.uni-trier.de/rec/bib/journals/debu/CarboneKEMHT15},
  bibsource = {dblp computer science bibliography, http://dblp.org}
}

@article{asterix,
  author    = {Sattam Alsubaiee and
               Yasser Altowim and
               Hotham Altwaijry and
               Alexander Behm and
               Vinayak R. Borkar and
               Yingyi Bu and
               Michael J. Carey and
               Inci Cetindil and
               Madhusudan Cheelangi and
               Khurram Faraaz and
               Eugenia Gabrielova and
               Raman Grover and
               Zachary Heilbron and
               Young{-}Seok Kim and
               Chen Li and
               Guangqiang Li and
               Ji Mahn Ok and
               Nicola Onose and
               Pouria Pirzadeh and
               Vassilis J. Tsotras and
               Rares Vernica and
               Jian Wen and
               Till Westmann},
  title     = {AsterixDB: {A} Scalable, Open Source {BDMS}},
  journal   = {{PVLDB}},
  volume    = {7},
  number    = {14},
  pages     = {1905--1916},
  year      = {2014},
  url       = {http://www.vldb.org/pvldb/vol7/p1905-alsubaiee.pdf},
  timestamp = {Thu, 25 Jun 2015 19:27:14 +0200},
  biburl    = {http://dblp.uni-trier.de/rec/bib/journals/pvldb/AlsubaieeAABBBCCCFGGHKLLOOPTVWW14},
  bibsource = {dblp computer science bibliography, http://dblp.org}
}

@article{Neumann11,
  author    = {Thomas Neumann},
  title     = {Efficiently Compiling Efficient Query Plans for Modern Hardware},
  journal   = {{PVLDB}},
  volume    = {4},
  number    = {9},
  pages     = {539--550},
  year      = {2011},
  url       = {http://www.vldb.org/pvldb/vol4/p539-neumann.pdf},
  timestamp = {Wed, 19 Dec 2012 08:25:32 +0100},
  biburl    = {http://dblp.uni-trier.de/rec/bib/journals/pvldb/Neumann11},
  bibsource = {dblp computer science bibliography, http://dblp.org}
}


@article{archofadb,
  author    = {Joseph M. Hellerstein and
               Michael Stonebraker and
               James R. Hamilton},
  title     = {Architecture of a Database System},
  journal   = {Foundations and Trends in Databases},
  volume    = {1},
  number    = {2},
  pages     = {141--259},
  year      = {2007},
  url       = {http://dx.doi.org/10.1561/1900000002},
  doi       = {10.1561/1900000002},
  timestamp = {Wed, 19 Dec 2007 10:41:54 +0100},
  biburl    = {http://dblp.uni-trier.de/rec/bib/journals/ftdb/HellersteinSH07},
  bibsource = {dblp computer science bibliography, http://dblp.org}
}

@inproceedings{json-relational,
  author    = {Craig Chasseur and
               Yinan Li and
               Jignesh M. Patel},
  title     = {Enabling {JSON} Document Stores in Relational Systems},
  booktitle = {Proceedings of the 16th International Workshop on the Web and Databases
               2013, WebDB 2013, New York, NY, USA, June 23, 2013.},
  pages     = {1--6},
  year      = {2013},
}


@article{madlib,
  author    = {Joseph M. Hellerstein and
               Christopher R{\'{e}} and
               Florian Schoppmann and
               Daisy Zhe Wang and
               Eugene Fratkin and
               Aleksander Gorajek and
               Kee Siong Ng and
               Caleb Welton and
               Xixuan Feng and
               Kun Li and
               Arun Kumar},
  title     = {The MADlib Analytics Library or {MAD} Skills, the {SQL}},
  journal   = {{PVLDB}},
  volume    = {5},
  number    = {12},
  pages     = {1700--1711},
  year      = {2012},
}

@inproceedings{PowerLHPW15-a,
  author    = {Jason Power and
               Yinan Li and
               Mark D. Hill and
               Jignesh M. Patel and
               David A. Wood},
  title     = {Toward GPUs being mainstream in analytic processing: An initial argument
               using simple scan-aggregate queries},
  booktitle = {DaMoN},
  pages     = {11:1--11:8},
  year      = {2015},
}

@article{PowerLHPW15-b,
  author    = {Jason Power and
               Yinan Li and
               Mark D. Hill and
               Jignesh M. Patel and
               David A. Wood},
  title     = {Implications of Emerging 3D {GPU} Architecture on the Scan Primitive},
  journal   = {{SIGMOD} Record},
  volume    = {44},
  number    = {1},
  pages     = {18--23},
  year      = {2015},
}

@misc{denorm-SQL,
key = {Microsoft},
author = "{Microsoft Corp.}",
title = "{Optimizing the Database Design by Denormalizing}",
howpublished = "{\small \url{https://msdn.microsoft.com/en-us/library/cc505841.aspx}}"
}

@misc{denorm-IBM,
key = {IBM},
author = "{IBM Corp.}",
title = "{Database design with denormalization}",
howpublished = "{\small \url{http://ibm.co/2eKWmW1}}"
}
%howpublished = "\url{https://www.ibm.com/support/knowledgecenter/#!/SSEPEK_10.0.0/com.ibm.db2z10.doc.intro/src/tpc/db2z_denormalizationforperformance.dita}"

@misc{denorm-sybase,
key = {Sybase},
author = "{Sybase Inc.}",
title = "{Denormalizing Tables and Columns}",
howpublished = "{\small \url{http://infocenter.sybase.com}}"
}

@misc{spark-10x-in-2,
key = {Xin},
author = "{Reynold Xin}",
title = "{Technical Preview of Apache Spark 2.0}",
howpublished = "{\small \url{https://databricks.com/blog/2016/05/11}}"
}
%howpublished = "{\small \url{https://databricks.com/blog/2016/05/11/apache-spark-2-0-technical-preview-easier-faster-and-smarter.html}}"

@misc{pg-parallelquery,
key = {postgres},
author = "{PostgreSQL}",
title = "{Parallel Query}",
howpublished = "{\small \url{https://wiki.postgresql.org/wiki/Parallel_Query}}"
}

@article{PirkMZM16,
  author    = {Holger Pirk and
               Oscar Moll and
               Matei Zaharia and
               Sam Madden},
  title     = {Voodoo - {A} Vector Algebra for Portable Database Performance on Modern
               Hardware},
  journal   = {{PVLDB}},
  volume    = {9},
  number    = {14},
  pages     = {1707--1718},
  year      = {2016}
}

@inproceedings{Ives2008Sideways,
 author = {Ives, Zachary G. and Taylor, Nicholas E.},
 title = {Sideways Information Passing for Push-Style Query Processing},
 booktitle = {ICDE},
 year = {2008},
 isbn = {978-1-4244-1836-7},
 pages = {774--783},
 numpages = {10},
}

@article{Bernstein1981SemiJoin,
 author = {Bernstein, Philip A. and Chiu, Dah-Ming W.},
 title = {Using Semi-Joins to Solve Relational Queries},
 journal = {J. ACM},
 issue_date = {Jan. 1981},
 volume = {28},
 number = {1},
 month = jan,
 year = {1981},
 issn = {0004-5411},
 pages = {25--40},
 numpages = {16},
 publisher = {ACM},
 address = {New York, NY, USA},
}

@article{Valduriez1984Join,
 author = {Valduriez, Patrick and Gardarin, Georges},
 title = {Join and Semijoin Algorithms for a Multiprocessor Database Machine},
 journal = {ACM Trans. Database Syst.},
 issue_date = {March 1984},
 volume = {9},
 number = {1},
 month = mar,
 year = {1984},
 issn = {0362-5915},
 pages = {133--161},
 numpages = {29},
 publisher = {ACM},
 address = {New York, NY, USA},
}

@inproceedings{Mackert1986RStar,
 author = {Mackert, Lothar F. and Lohman, Guy M.},
 title = {R* Optimizer Validation and Performance Evaluation for Distributed Queries},
 booktitle = {VLDB},
 year = {1986},
 pages = {149--159},
}

@article{Babb1979Imple,
 author = {Babb, E.},
 title = {Implementing a Relational Database by Means of Specialzed Hardware},
 journal = {ACM Trans. Database Syst.},
 issue_date = {March 1979},
 volume = {4},
 number = {1},
 month = mar,
 year = {1979},
 issn = {0362-5915},
 pages = {1--29},
 numpages = {29},
 publisher = {ACM},
 address = {New York, NY, USA},
 keywords = {CAFS, bit array, content addressing, database, hashing, information retrieval, join, projection, relational model, selection, special hardware},
}

@article{Graefe1993QueryEval,
 author = {Graefe, Goetz},
 title = {Query Evaluation Techniques for Large Databases},
 journal = {ACM Comput. Surv.},
 issue_date = {June 1993},
 volume = {25},
 number = {2},
 month = jun,
 year = {1993},
 issn = {0360-0300},
 pages = {73--169},
 numpages = {97},
 url = {http://doi.acm.org/10.1145/152610.152611},
 doi = {10.1145/152610.152611},
 acmid = {152611},
 publisher = {ACM},
 address = {New York, NY, USA},
 keywords = {complex query evaluation plans, dynamic query evaluation plans, extensible database systems, iterators, object-oriented database systems, operator model of parallelization, parallel algorithms, relational database systems, set-matching algorithms, sort-hash duality},
}

@inproceedings{Shrinivas2013Materialization,
  title={Materialization strategies in the Vertica analytic database: Lessons learned},
  author={Shrinivas, Lakshmikant and Bodagala, Sreenath and Varadarajan, Ramakrishna and Cary, Ariel and Bharathan, Vivek and Bear, Chuck},
  booktitle={ICDE},
  pages={1196--1207},
  year={2013},
  organization={IEEE}
}

@inproceedings{Beeri1987Magic,
 author = {Beeri, C. and Ramakrishnan, R.},
 title = {On the Power of Magic},
 booktitle = {PODS},
 year = {1987},
 pages = {269--284}
}

@article{Chen1997Applying,
 author = {Chen, Ming-Syan and Hsiao, Hui-I and Yu, Philip S.},
 title = {On Applying Hash Filters to Improving the Execution of Multi-join Queries},
 journal = {The VLDB Journal},
 issue_date = {May 1997},
 volume = {6},
 number = {2},
 month = may,
 year = {1997},
 issn = {1066-8888},
 pages = {121--131},
 numpages = {11},
 publisher = {Springer-Verlag New York, Inc.},
 address = {Secaucus, NJ, USA},
 keywords = {Bushy trees, Hash filters, Parallel query processing, Sort-merge jo
ins},
}

@article{Leis2015HowGood,
 author = {Leis, Viktor and Gubichev, Andrey and Mirchev, Atanas and Boncz, Peter and Kemper, Alfons and Neumann, Thomas},
 title = {How Good Are Query Optimizers, Really?},
 journal = {VLDB},
 issue_date = {November 2015},
 volume = {9},
 number = {3},
 month = nov,
 year = {2015},
 issn = {2150-8097},
 pages = {204--215},
 numpages = {12},
 publisher = {VLDB Endowment},
}


@inproceedings{Seshadri1996Cost,
 author = {Seshadri, Praveen and Hellerstein, Joseph M. and Pirahesh, Hamid and Leung, T. Y. Cliff and Ramakrishnan, Raghu and Srivastava, Divesh and Stuckey, Peter J. and Sudarshan, S.},
 title = {Cost-based Optimization for Magic: Algebra and Implementation},
 booktitle = {SIGMOD},
 year = {1996},
 pages = {435--446}
}

@inproceedings{Bratbergsengen1984Hashing,
 author = {Bratbergsengen, Kjell},
 title = {Hashing Methods and Relational Algebra Operations},
 booktitle = {VLDB},
 year = {1984},
 pages = {323--333},
}

@inproceedings{Neumann2009Scalable,
 author = {Neumann, Thomas and Weikum, Gerhard},
 title = {Scalable Join Processing on Very Large RDF Graphs},
 booktitle = {SIGMOD},
 year = {2009},
 pages = {627--640},
 numpages = {14},
}

@article{BonnetMBCGGHIIJKKMOPRTYFS11,
  author    = {Philippe Bonnet and
               Stefan Manegold and
               Matias Bj{\o}rling and
               Wei Cao and
               Javier Gonzalez and
               Joel A. Granados and
               Nancy Hall and
               Stratos Idreos and
               Milena Ivanova and
               Ryan Johnson and
               David Koop and
               Tim Kraska and
               Ren{\'{e}} M{\"{u}}ller and
               Dan Olteanu and
               Paolo Papotti and
               Christine Reilly and
               Dimitris Tsirogiannis and
               Cong Yu and
               Juliana Freire and
               Dennis E. Shasha},
  title     = {Repeatability and workability evaluation of {SIGMOD} 2011},
  journal   = {{SIGMOD} Record},
  volume    = {40},
  number    = {2},
  pages     = {45--48},
  year      = {2011},
  url       = {http://doi.acm.org/10.1145/2034863.2034873},
  doi       = {10.1145/2034863.2034873},
  timestamp = {Thu, 11 Aug 2016 11:10:44 +0200},
  biburl    = {http://dblp.uni-trier.de/rec/bib/journals/sigmod/BonnetMBCGGHIIJKKMOPRTYFS11},
  bibsource = {dblp computer science bibliography, http://dblp.org}
}

@article{ManegoldMAFGHHKKLLORSSWS09,
  author    = {Stefan Manegold and
               Ioana Manolescu and
               Loredana Afanasiev and
               Jianlin Feng and
               Gang Gou and
               Marios Hadjieleftheriou and
               Stavros Harizopoulos and
               Panos Kalnis and
               Konstantinos Karanasos and
               Dominique Laurent and
               Mihai Lupu and
               Nicola Onose and
               Christopher R{\'{e}} and
               Virginie Sans and
               Pierre Senellart and
               T. Wu and
               Dennis E. Shasha},
  title     = {Repeatability {\&} workability evaluation of {SIGMOD} 2009},
  journal   = {{SIGMOD} Record},
  volume    = {38},
  number    = {3},
  pages     = {40--43},
  year      = {2009},
  url       = {http://doi.acm.org/10.1145/1815933.1815944},
  doi       = {10.1145/1815933.1815944},
  timestamp = {Thu, 11 Aug 2016 11:10:44 +0200},
  biburl    = {http://dblp.uni-trier.de/rec/bib/journals/sigmod/ManegoldMAFGHHKKLLORSSWS09},
  bibsource = {dblp computer science bibliography, http://dblp.org}
}

@inproceedings{DBLP:conf/sigmod/HarizopoulosSA05,
	author    = {Stavros Harizopoulos and
	Vladislav Shkapenyuk and
	Anastassia Ailamaki},
	title     = {QPipe: {A} Simultaneously Pipelined Relational Query Engine},
	booktitle = {{SIGMOD} Conference},
	pages     = {383--394},
	publisher = {{ACM}},
	year      = {2005}
}

@inproceedings{DBLP:conf/vldb/ZukowskiHNB07,
	author    = {Marcin Zukowski and
	S{\'{a}}ndor H{\'{e}}man and
	Niels Nes and
	Peter A. Boncz},
	title     = {Cooperative Scans: Dynamic Bandwidth Sharing in a {DBMS}},
	booktitle = {{VLDB}},
	pages     = {723--734},
	publisher = {{ACM}},
	year      = {2007}
}

@article{ManolescuAADMPSSZS08,
  author    = {Ioana Manolescu and
               Loredana Afanasiev and
               Andrei Arion and
               Jens Dittrich and
               Stefan Manegold and
               Neoklis Polyzotis and
               Karl Schnaitter and
               Pierre Senellart and
               Spyros Zoupanos and
               Dennis E. Shasha},
  title     = {The repeatability experiment of {SIGMOD} 2008},
  journal   = {{SIGMOD} Record},
  volume    = {37},
  number    = {1},
  pages     = {39--45},
  year      = {2008},
  url       = {http://doi.acm.org/10.1145/1374780.1374791},
  doi       = {10.1145/1374780.1374791},
  timestamp = {Thu, 11 Aug 2016 11:10:44 +0200},
  biburl    = {http://dblp.uni-trier.de/rec/bib/journals/sigmod/ManolescuAADMPSSZS08},
  bibsource = {dblp computer science bibliography, http://dblp.org}
}

@misc{benchmark-scripts,
key = "{zzz}",
title = "{Removed as per double blind rules}",
year = {2016},
keywords = "{SSB Benchmark Scripts for Five Systems}",
bibsource = "\url{http://www.quickstep.io/benchmark-scripts}"
}

@inproceedings{BonczNE13,
  author    = {Peter A. Boncz and
               Thomas Neumann and
               Orri Erling},
  title     = {{TPC-H} Analyzed: Hidden Messages and Lessons Learned from an Influential
               Benchmark},
  booktitle = {5th {TPC} Technology Conference, {TPCTC}},
  pages     = {61--76},
  year      = {2013},
}

@ARTICLE{Bloom70Space,
    author = {Burton H. Bloom},
    title = {Space/Time Trade-offs in Hash Coding with Allowable Errors},
    journal = {CACM},
    year = {1970},
    volume = {13},
    pages = {422--426}
}

@inproceedings{DavisonG94,
        author    = {Diane L. Davison and
        Goetz Graefe},
        title     = {Memory-Contention Responsive Hash Joins},
        booktitle = {VLDB},
        year      = {1994},
        timestamp = {Mon, 17 Sep 2012 21:40:00 +0200},
        biburl    = {http://dblp.uni-trier.de/rec/bib/conf/vldb/DavisonG94},
        bibsource = {dblp computer science bibliography, http://dblp.org}
}

@article{zhu2017looking,
  author    = {Jianqiao Zhu and
               Navneet Potti and
               Saket Saurabh and
               Jignesh M. Patel},
  title     = {Looking Ahead Makes Query Plans Robust},
  journal   = {{PVLDB}},
  volume    = {10},
  number    = {8},
  pages     = {889--900},
  year      = {2017}
}

@article{scheduler,
	author    = {Harshad Deshmukh and
	Hakan Memisoglu and
	Jignesh M. Patel},
	title     = {Adaptive Concurrent Query Execution Framework for an Analytical In-Memory Database System},
	journal   = {{IEEE BigData Congress}},
	year      = {2017},
}

@inproceedings{LarsonCFHMNPPRRS13,
  author    = {Per{-}{\AA}ke Larson and
               Cipri Clinciu and
               Campbell Fraser and
               Eric N. Hanson and
               Mostafa Mokhtar and
               Michal Nowakiewicz and
               Vassilis Papadimos and
               Susan L. Price and
               Srikumar Rangarajan and
               Remus Rusanu and
               Mayukh Saubhasik},
  title     = {Enhancements to {SQL} server column stores},
  booktitle = {SIGMOD},
  pages     = {1159--1168},
  year      = {2013},
}

@article{NagelBV14,
  author    = {Fabian Nagel and
               Gavin M. Bierman and
               Stratis D. Viglas},
  title     = {Code Generation for Efficient Query Processing in Managed Runtimes},
  journal   = {{PVLDB}},
  volume    = {7},
  number    = {12},
  pages     = {1095--1106},
  year      = {2014},
}

@inproceedings{ChaudhuriN07,
  author    = {Surajit Chaudhuri and
               Vivek R. Narasayya},
  title     = {Self-Tuning Database Systems: {A} Decade of Progress},
  booktitle = {Proceedings of the 33rd International Conference on Very Large Data
               Bases, University of Vienna, Austria, September 23-27, 2007},
  pages     = {3--14},
  year      = {2007},
  crossref  = {DBLP:conf/vldb/2007},
  url       = {http://www.vldb.org/conf/2007/papers/special/p3-chaudhuri.pdf},
  timestamp = {Thu, 03 Mar 2016 17:54:19 +0100},
  biburl    = {http://dblp.uni-trier.de/rec/bib/conf/vldb/ChaudhuriN07},
  bibsource = {dblp computer science bibliography, http://dblp.org}
}

@inproceedings{ChaudhuriW00,
  author    = {Surajit Chaudhuri and
               Gerhard Weikum},
  title     = {Rethinking Database System Architecture: Towards a Self-Tuning RISC-Style
               Database System},
  booktitle = {{VLDB} 2000, Proceedings of 26th International Conference on Very
               Large Data Bases, September 10-14, 2000, Cairo, Egypt},
  pages     = {1--10},
  year      = {2000},
  crossref  = {DBLP:conf/vldb/2000},
  url       = {http://www.vldb.org/conf/2000/P001.pdf},
  timestamp = {Mon, 17 Sep 2012 21:56:37 +0200},
  biburl    = {http://dblp.uni-trier.de/rec/bib/conf/vldb/ChaudhuriW00},
  bibsource = {dblp computer science bibliography, http://dblp.org}
}

@inproceedings{StonebrakerABCCFLLMOORTZ05,
  author    = {Michael Stonebraker and
               Daniel J. Abadi and
               Adam Batkin and
               Xuedong Chen and
               Mitch Cherniack and
               Miguel Ferreira and
               Edmond Lau and
               Amerson Lin and
               Samuel Madden and
               Elizabeth J. O'Neil and
               Patrick E. O'Neil and
               Alex Rasin and
               Nga Tran and
               Stanley B. Zdonik},
  title     = {C-Store: {A} Column-oriented {DBMS}},
  booktitle = {VLDB},
  pages     = {553--564},
  year      = {2005}
}

@inproceedings{KoliousisWFWCP16,
  author    = {Alexandros Koliousis and
               Matthias Weidlich and
               Raul Castro Fernandez and
               Alexander L. Wolf and
               Paolo Costa and
               Peter R. Pietzuch},
  title     = {{SABER:} Window-Based Hybrid Stream Processing for Heterogeneous Architectures},
  booktitle = {Proceedings of the 2016 International Conference on Management of
               Data, {SIGMOD} Conference 2016, San Francisco, CA, USA, June 26 -
               July 01, 2016},
  pages     = {555--569},
  year      = {2016},
  crossref  = {DBLP:conf/sigmod/2016},
  url       = {http://doi.acm.org/10.1145/2882903.2882906},
  doi       = {10.1145/2882903.2882906},
  timestamp = {Thu, 17 Nov 2016 19:38:24 +0100},
  biburl    = {http://dblp.uni-trier.de/rec/bib/conf/sigmod/KoliousisWFWCP16},
  bibsource = {dblp computer science bibliography, http://dblp.org}
}

@misc{oracledbim,
	author = "{Oracle}",
	title = "{White paper}",
	year = {2017},
	howpublished = "{\small \url{http://www.oracle.com/technetwork/database/in-memory/overview/twp-oracle-database-in-memory-2245633.pdf}}"
}

@misc{storage-blog-post,
	author="{Harshad Deshmukh}",
	title="{Storage Formats in Quickstep}",
	year={2017},
	howpublished = "{\small \url{http://quickstep.incubator.apache.org/guides/2017/03/30/storage-formats-quickstep.html}}"
}
% howpublished = "\url{http://bit.ly/2AiP0rV}"

@techreport{patel1quickstep,
	title={Quickstep: A Data Platform Based on the Scaling-In Approach},
	author={Patel, Jignesh M and Deshmukh, Harshad and Zhu, Jianqiao and Memisoglu, Hakan and Potti, Navneet and Saurabh, Saket and Spehlmann, Marc and Zhang, Zuyu},
	number={1847},
	year={2017},
	institution={University of Wisconsin-Madison}
}

@inproceedings{DBLP:conf/osdi/ChangDGHWBCFG06,
	author    = {Fay Chang and
	Jeffrey Dean and
	Sanjay Ghemawat and
	Wilson C. Hsieh and
	Deborah A. Wallach and
	Michael Burrows and
	Tushar Chandra and
	Andrew Fikes and
	Robert Gruber},
	title     = {Bigtable: {A} Distributed Storage System for Structured Data},
        series = {OSDI},
        year = {2006},
        location = {Seattle, WA},
	pages     = {205--218},
	year      = {2006},
}

@misc{oracle-implied-predicate,
	author = "{Oracle}",
	title = "{Push-down part 2}",
	year = {2015},
	howpublished = "{\small \url{https://blogs.oracle.com/in-memory/push-down:-part-2}}"
}

@misc{sql-server-implied-predicate,
	author = "{Microsoft}",
	title = "{Implied predicates and query hints}",
	year = {2009},
	howpublished = "{\small \url{https://blogs.msdn.microsoft.com/craigfr/2009/04/28/implied-predicates-and-query-hints/}}"
}

@InProceedings{graefe_et_al:DSP:2011:2984,
	author =	{G{\"o}tz Graefe and Arnd Christian K{\"o}nig and Harumi Anne Kuno and Volker Markl and Kai-Uwe Sattler},
	title =	{{10381 Summary and Abstracts Collection -- Robust Query Processing}},
        year =  {2011},
	series =	{Dagstuhl Seminar Proceedings},
	ISSN =	{1862-4405},
	address =	{Dagstuhl, Germany},
}

@inproceedings{DBLP:conf/sigmod/RaducanuBZ13,
	author    = {Bogdan Raducanu and
	Peter A. Boncz and
	Marcin Zukowski},
	title     = {Micro adaptivity in Vectorwise},
	booktitle = {SIGMOD},
	pages     = {1231--1242},
	year      = {2013},
}

@article{RicciEide:login14,
    author  = "Robert Ricci and Eric Eide and {The CloudLab Team}",
    title   = "Introducing {CloudLab}: Scientific Infrastructure for Advancing Cloud
    Architectures and Applications",
    journal = "{USENIX} {;login:}",
    year    = 2014,
    month   = dec,
    volume  = 39,
    number  = 6,
}

@inproceedings{DBLP:conf/sigmod/Kumar0017,
	author    = {Arun Kumar and
	Matthias Boehm and
	Jun Yang},
	title     = {Data Management in Machine Learning: Challenges, Techniques, and Systems},
	booktitle = {{SIGMOD} Conference},
	pages     = {1717--1722},
	publisher = {{ACM}},
	year      = {2017}
}

@inproceedings{thusoo2010hive,
	title={Hive-a petabyte scale data warehouse using hadoop},
	author={Thusoo, Ashish and Sarma, Joydeep Sen and Jain, Namit and Shao, Zheng and Chakka, Prasad and Zhang, Ning and Antony, Suresh and Liu, Hao and Murthy, Raghotham},
	booktitle={Data Engineering (ICDE), 2010 IEEE 26th International Conference on},
	pages={996--1005},
	year={2010},
	organization={IEEE}
}

@inproceedings{Bouganim:1998:MSL:288627.288646,
	author = {Bouganim, Luc and Kapitskaia, Olga and Valduriez, Patrick},
	title = {Memory-adaptive Scheduling for Large Query Execution},
	booktitle = {Proceedings of the Seventh International Conference on Information and Knowledge Management},
	series = {CIKM '98},
	year = {1998},
	isbn = {1-58113-061-9},
	location = {Bethesda, Maryland, USA},
	pages = {105--115},
	numpages = {11},
	url = {http://doi.acm.org/10.1145/288627.288646},
	doi = {10.1145/288627.288646},
	acmid = {288646},
	publisher = {ACM},
	address = {New York, NY, USA},
} 

@article{memory-hash-ibm,
	author    = {Ronald Barber and
	Guy M. Lohman and
	Ippokratis Pandis and
	Vijayshankar Raman and
	Richard Sidle and
	Gopi K. Attaluri and
	Naresh Chainani and
	Sam Lightstone and
	David Sharpe},
	title     = {Memory-Efficient Hash Joins},
	journal   = {{PVLDB}},
	volume    = {8},
	number    = {4},
	pages     = {353--364},
	year      = {2014}
}

@misc{tpc-h,
	title={TPC-H - Homepage},
	howpublished={\url{http://www.tpc.org/tpch/}},
	date={(Accessed on 06/28/2018}
}

@article{legobase,
	author    = {Yannis Klonatos and
	Christoph Koch and
	Tiark Rompf and
	Hassan Chafi},
	title     = {Building Efficient Query Engines in a High-Level Language},
	journal   = {{PVLDB}},
	volume    = {7},
	number    = {10},
	pages     = {853--864},
	year      = {2014}
}

@article{DBLP:journals/pvldb/Neumann11,
	author    = {Thomas Neumann},
	title     = {Efficiently Compiling Efficient Query Plans for Modern Hardware},
	journal   = {{PVLDB}},
	volume    = {4},
	number    = {9},
	pages     = {539--550},
	year      = {2011}
}
